event_type;event_time;symbol;trade_id;price;quantity;buyer_order_id;seller_order_id;trade_time;buyer;ignore
trade;1634829036132;BTCEUR;67202178;54345.46000000;0.00019000;1289864231;1289864226;1634829036131;false;true
trade;1634829036898;BTCEUR;67202179;54331.78000000;0.00055000;1289864249;1289864250;1634829036898;true;true
trade;1634829039255;BTCEUR;67202180;54317.43000000;0.01576000;1289864373;1289864370;1634829039254;false;true
trade;1634829039654;BTCEUR;67202181;54323.07000000;0.01576000;1289864407;1289864408;1634829039653;true;true
trade;1634829039654;BTCEUR;67202182;54322.95000000;0.03055000;1289864405;1289864408;1634829039653;true;true
trade;1634829040542;BTCEUR;67202183;54323.27000000;0.01171000;1289864459;1289864457;1634829040541;false;true
trade;1634829041312;SOLEUR;2401850;155.96000000;3.00000000;31588873;31588863;1634829041311;false;true
trade;1634829041665;BTCEUR;67202184;54321.72000000;0.00142000;1289864518;1289864507;1634829041664;false;true
trade;1634829041665;BTCEUR;67202185;54323.52000000;0.01860000;1289864518;1289864436;1634829041664;false;true
trade;1634829041665;BTCEUR;67202186;54323.54000000;0.01548000;1289864518;1289864437;1634829041664;false;true
trade;1634829041753;BTCEUR;67202187;54323.54000000;0.00312000;1289864527;1289864437;1634829041752;false;true
trade;1634829041834;BTCEUR;67202188;54323.56000000;0.00859000;1289864537;1289864438;1634829041834;false;true
trade;1634829041836;BTCEUR;67202189;54323.56000000;0.01000000;1289864538;1289864438;1634829041836;false;true
trade;1634829044182;BTCEUR;67202190;54328.10000000;0.00120000;1289864654;1289864688;1634829044182;true;true
trade;1634829044182;BTCEUR;67202191;54312.73000000;0.01577000;1289864686;1289864688;1634829044182;true;true
trade;1634829044182;BTCEUR;67202192;54312.73000000;0.20000000;1289864687;1289864688;1634829044182;true;true
trade;1634829044182;BTCEUR;67202193;54312.72000000;0.06985000;1289864682;1289864688;1634829044182;true;true
trade;1634829044182;BTCEUR;67202194;54312.70000000;0.00100000;1289864673;1289864688;1634829044182;true;true
trade;1634829044182;BTCEUR;67202195;54312.67000000;0.05618000;1289864645;1289864688;1634829044182;true;true
trade;1634829045864;BTCEUR;67202196;54337.75000000;0.05000000;1289864771;1289864772;1634829045863;true;true
trade;1634829045864;BTCEUR;67202197;54335.00000000;0.01779000;1289864762;1289864772;1634829045863;true;true
trade;1634829046365;BTCEUR;67202198;54338.06000000;0.00120000;1289864792;1289864760;1634829046364;false;true
trade;1634829046492;BTCEUR;67202199;54338.45000000;0.05422000;1289864800;1289864746;1634829046492;false;true
trade;1634829046493;BTCEUR;67202200;54338.45000000;0.08000000;1289864802;1289864746;1634829046493;false;true
trade;1634829046566;BTCEUR;67202201;54345.46000000;0.01714000;1289864810;1289864486;1634829046566;false;true
trade;1634829046566;BTCEUR;67202202;54350.92000000;0.05697000;1289864810;1289864794;1634829046566;false;true
trade;1634829046566;BTCEUR;67202203;54350.93000000;0.06010000;1289864810;1289864340;1634829046566;false;true
trade;1634829046874;SOLEUR;2401851;156.18000000;4.47000000;31588904;31588885;1634829046873;false;true
trade;1634829046874;SOLEUR;2401852;156.18000000;2.36000000;31588904;31588896;1634829046873;false;true
trade;1634829046874;SOLEUR;2401853;156.18000000;0.48000000;31588904;31588902;1634829046873;false;true
trade;1634829047901;SOLEUR;2401854;155.92000000;2.35000000;31588890;31588914;1634829047900;true;true
trade;1634829049384;BTCEUR;67202204;54331.75000000;0.00263000;1289864970;1289864979;1634829049384;true;true
trade;1634829050898;SOLEUR;2401855;155.72000000;2.36000000;31588925;31588934;1634829050898;true;true
trade;1634829051387;SOLEUR;2401856;155.72000000;2.51000000;31588925;31588940;1634829051387;true;true
trade;1634829051387;SOLEUR;2401857;155.71000000;3.13000000;31588924;31588940;1634829051387;true;true
trade;1634829051960;BTCEUR;67202205;54333.55000000;0.00545000;1289865055;1289865036;1634829051959;false;true
trade;1634829052053;BTCEUR;67202206;54333.54000000;0.00030000;1289865056;1289865058;1634829052052;true;true
trade;1634829052636;BTCEUR;67202207;54327.72000000;0.00550000;1289865062;1289865076;1634829052636;true;true
trade;1634829052636;BTCEUR;67202208;54323.57000000;0.01577000;1289865073;1289865076;1634829052636;true;true
trade;1634829052636;BTCEUR;67202209;54323.56000000;0.00543000;1289864754;1289865076;1634829052636;true;true
trade;1634829052636;BTCEUR;67202210;54312.68000000;0.00800000;1289865072;1289865076;1634829052636;true;true
trade;1634829052636;BTCEUR;67202211;54312.67000000;0.00034000;1289864853;1289865076;1634829052636;true;true
trade;1634829052636;BTCEUR;67202212;54312.67000000;0.00168000;1289864888;1289865076;1634829052636;true;true
trade;1634829052636;BTCEUR;67202213;54309.34000000;0.12378000;1289865067;1289865076;1634829052636;true;true
trade;1634829052945;SOLEUR;2401858;156.05000000;1.31000000;31588949;31588937;1634829052944;false;true
trade;1634829052945;SOLEUR;2401859;155.71000000;0.35000000;31588924;31588931;1634829052944;true;true
trade;1634829052947;SOLEUR;2401860;156.05000000;2.10000000;31588950;31588937;1634829052946;false;true
trade;1634829052966;SOLEUR;2401861;155.99000000;1.60000000;31588958;31588957;1634829052965;false;true
trade;1634829052966;SOLEUR;2401862;155.99000000;1.85000000;31588959;31588957;1634829052966;false;true
trade;1634829053010;SOLEUR;2401863;156.00000000;3.18000000;31588974;31588973;1634829053010;false;true
trade;1634829053191;SOLEUR;2401864;156.20000000;4.74000000;31588993;31588564;1634829053190;false;true
trade;1634829053194;SOLEUR;2401865;156.20000000;1.00000000;31588996;31588564;1634829053194;false;true
trade;1634829053195;SOLEUR;2401866;156.20000000;15.00000000;31588997;31588564;1634829053195;false;true
trade;1634829053551;BTCEUR;67202214;54331.94000000;0.00204000;1289865115;1289865130;1634829053550;true;true
trade;1634829053551;SOLEUR;2401867;155.78000000;0.71000000;31589012;31589011;1634829053550;false;true
trade;1634829053552;SOLEUR;2401868;155.78000000;0.03000000;31589013;31589011;1634829053551;false;true
trade;1634829053576;SOLEUR;2401869;156.13000000;7.87000000;31589017;31589022;1634829053575;true;true
trade;1634829054040;BTCEUR;67202215;54331.98000000;0.00089000;1289865149;1289865153;1634829054040;true;true
trade;1634829054365;BTCEUR;67202216;54331.99000000;0.00184000;1289865157;1289865143;1634829054364;false;true
trade;1634829054365;BTCEUR;67202217;54333.54000000;0.00275000;1289865157;1289865155;1634829054364;false;true
trade;1634829054435;BTCEUR;67202218;54332.18000000;0.06147000;1289865159;1289865162;1634829054435;true;true
trade;1634829054436;BTCEUR;67202219;54332.18000000;0.06147000;1289865159;1289865163;1634829054435;true;true
trade;1634829054436;BTCEUR;67202220;54332.18000000;0.02706000;1289865159;1289865164;1634829054435;true;true
trade;1634829054436;BTCEUR;67202221;54332.17000000;0.03442000;1289865161;1289865164;1634829054435;true;true
trade;1634829054582;SOLEUR;2401870;156.16000000;6.87000000;31589078;31589080;1634829054582;true;true
trade;1634829054667;BTCEUR;67202222;54328.99000000;0.03434000;1289865179;1289865182;1634829054666;true;true
trade;1634829056459;BTCEUR;67202223;54349.40000000;0.00189000;1289865271;1289865281;1634829056459;true;true
trade;1634829056587;SOLEUR;2401871;156.29000000;1.59000000;31589103;31589071;1634829056587;false;true
trade;1634829056666;SOLEUR;2401872;156.29000000;0.13000000;31589106;31589071;1634829056665;false;true
trade;1634829057099;BTCEUR;67202224;54350.58000000;0.00045000;1289865307;1289865305;1634829057099;false;true
trade;1634829057563;SOLEUR;2401873;156.36000000;0.13000000;31589120;31589107;1634829057562;false;true
trade;1634829057951;SOLEUR;2401874;156.35000000;0.80000000;31589124;31589123;1634829057950;false;true
trade;1634829058038;SOLEUR;2401875;156.36000000;1.74000000;31589125;31589107;1634829058037;false;true
trade;1634829058091;SOLEUR;2401876;156.36000000;2.50000000;31589126;31589107;1634829058091;false;true
trade;1634829058645;SOLEUR;2401877;156.35000000;0.46000000;31589129;31589128;1634829058645;false;true
trade;1634829058654;BTCEUR;67202225;54350.57000000;0.00132000;1289865344;1289865377;1634829058653;true;true
trade;1634829058801;BTCEUR;67202226;54350.58000000;0.00176000;1289865401;1289865382;1634829058800;false;true
trade;1634829059859;SOLEUR;2401878;156.36000000;0.50000000;31589138;31589136;1634829059858;false;true
trade;1634829059859;SOLEUR;2401879;156.37000000;0.23000000;31589138;31589135;1634829059858;false;true
trade;1634829059859;SOLEUR;2401880;156.37000000;0.48000000;31589138;31589137;1634829059858;false;true
trade;1634829060468;BTCEUR;67202227;54334.48000000;0.00083000;1289865479;1289865514;1634829060467;true;true
trade;1634829060468;BTCEUR;67202228;54331.75000000;0.00180000;1289865420;1289865514;1634829060467;true;true
trade;1634829060468;BTCEUR;67202229;54327.94000000;0.00289000;1289865508;1289865514;1634829060467;true;true
trade;1634829061624;BTCEUR;67202230;54325.21000000;0.00460000;1289865623;1289865620;1634829061624;false;true
trade;1634829062378;SOLEUR;2401881;156.13000000;1.65000000;31589145;31589152;1634829062378;true;true
trade;1634829063903;BTCEUR;67202231;54305.06000000;0.00189000;1289865795;1289865787;1634829063902;false;true
trade;1634829064170;SOLEUR;2401882;156.13000000;1.37000000;31589166;31589167;1634829064169;true;true
trade;1634829064895;BTCEUR;67202232;54310.93000000;0.00083000;1289865822;1289865800;1634829064895;false;true
trade;1634829064895;BTCEUR;67202233;54313.91000000;0.01206000;1289865822;1289865814;1634829064895;false;true
trade;1634829064938;BTCEUR;67202234;54309.90000000;0.00118000;1289865826;1289865824;1634829064937;false;true
trade;1634829066556;SOLEUR;2401883;156.23000000;0.12000000;31589178;31589169;1634829066555;false;true
trade;1634829066556;SOLEUR;2401884;156.24000000;0.43000000;31589178;31589176;1634829066555;false;true
trade;1634829066957;BTCEUR;67202235;54305.49000000;0.00644000;1289865818;1289865883;1634829066956;true;true
trade;1634829067313;BTCEUR;67202236;54305.49000000;0.00003000;1289865818;1289865891;1634829067312;true;true
trade;1634829067313;BTCEUR;67202237;54305.47000000;0.00576000;1289865882;1289865891;1634829067312;true;true
trade;1634829067313;BTCEUR;67202238;54305.45000000;0.00360000;1289865857;1289865891;1634829067312;true;true
trade;1634829067895;BTCEUR;67202239;54305.06000000;0.00072000;1289865811;1289865918;1634829067895;true;true
trade;1634829067895;BTCEUR;67202240;54300.39000000;0.00042000;1289854029;1289865918;1634829067895;true;true
trade;1634829067895;BTCEUR;67202241;54300.00000000;0.00302000;1289862668;1289865918;1634829067895;true;true
trade;1634829067895;BTCEUR;67202242;54300.00000000;0.00004000;1289865023;1289865918;1634829067895;true;true
trade;1634829068524;BTCEUR;67202243;54300.00000000;0.00479000;1289865023;1289865945;1634829068524;true;true
trade;1634829068524;BTCEUR;67202244;54299.00000000;0.00046000;1289863627;1289865945;1634829068524;true;true
trade;1634829068613;BTCEUR;67202245;54290.73000000;0.00744000;1289865966;1289865946;1634829068613;false;true
trade;1634829068858;BTCEUR;67202246;54290.73000000;0.00385000;1289865993;1289865946;1634829068857;false;true
trade;1634829069039;BTCEUR;67202247;54290.72000000;0.00035000;1289865959;1289866001;1634829069039;true;true
trade;1634829069621;BTCEUR;67202248;54290.73000000;0.01755000;1289866031;1289865946;1634829069620;false;true
trade;1634829069621;BTCEUR;67202249;54290.73000000;0.00024000;1289866031;1289866015;1634829069620;false;true
trade;1634829069621;BTCEUR;67202250;54290.73000000;0.06724000;1289866031;1289866020;1634829069620;false;true
trade;1634829069621;BTCEUR;67202251;54290.73000000;0.00035000;1289866031;1289866026;1634829069620;false;true
trade;1634829069631;BTCEUR;67202252;54290.75000000;0.06724000;1289866033;1289866021;1634829069630;false;true
trade;1634829069638;BTCEUR;67202253;54290.77000000;0.06724000;1289866035;1289866022;1634829069638;false;true
trade;1634829069884;BTCEUR;67202254;54306.92000000;0.00644000;1289866062;1289866061;1634829069884;false;true
trade;1634829070283;BTCEUR;67202255;54305.50000000;0.00234000;1289866086;1289866064;1634829070282;false;true
trade;1634829071855;BTCEUR;67202256;54305.50000000;0.00239000;1289866122;1289866064;1634829071854;false;true
trade;1634829071855;BTCEUR;67202257;54305.50000000;0.01276000;1289866122;1289866079;1634829071854;false;true
trade;1634829071855;BTCEUR;67202258;54305.51000000;0.00898000;1289866122;1289866102;1634829071854;false;true
trade;1634829071855;BTCEUR;67202259;54305.52000000;0.01276000;1289866122;1289866078;1634829071854;false;true
trade;1634829071855;BTCEUR;67202260;54305.54000000;0.01275000;1289866122;1289866077;1634829071854;false;true
trade;1634829073018;BTCEUR;67202261;54315.63000000;0.01619000;1289866215;1289866224;1634829073018;true;true
trade;1634829073348;BTCEUR;67202262;54315.64000000;0.00644000;1289866239;1289866201;1634829073347;false;true
trade;1634829073397;BTCEUR;67202263;54315.64000000;0.00161000;1289866244;1289866201;1634829073397;false;true
trade;1634829074283;BTCEUR;67202264;54315.64000000;0.00001000;1289866258;1289866201;1634829074282;false;true
trade;1634829074283;BTCEUR;67202265;54323.18000000;0.00080000;1289866258;1289866257;1634829074282;false;true
trade;1634829076169;BTCEUR;67202266;54306.27000000;0.00278000;1289866356;1289866357;1634829076169;true;true
trade;1634829077945;BTCEUR;67202267;54305.07000000;0.00233000;1289866420;1289866405;1634829077945;false;true
trade;1634829078536;BTCEUR;67202268;54305.06000000;0.00276000;1289866116;1289866445;1634829078535;true;true
trade;1634829078536;BTCEUR;67202269;54290.72000000;0.00882000;1289866444;1289866445;1634829078535;true;true
trade;1634829078536;BTCEUR;67202270;54290.71000000;0.00279000;1289859512;1289866445;1634829078535;true;true
trade;1634829078536;BTCEUR;67202271;54286.47000000;0.00148000;1289866443;1289866445;1634829078535;true;true
trade;1634829080548;BTCEUR;67202272;54286.15000000;0.00038000;1289856990;1289866519;1634829080546;true;true
trade;1634829080548;BTCEUR;67202273;54286.15000000;0.01548000;1289866509;1289866519;1634829080546;true;true
trade;1634829081487;BTCEUR;67202274;54293.87000000;0.01303000;1289866584;1289866563;1634829081486;false;true
trade;1634829081537;BTCEUR;67202275;54293.88000000;0.01586000;1289866585;1289866591;1634829081536;true;true
trade;1634829081538;BTCEUR;67202276;54293.89000000;0.01303000;1289866592;1289866565;1634829081537;false;true
trade;1634829081583;BTCEUR;67202277;54293.91000000;0.01303000;1289866594;1289866564;1634829081582;false;true
trade;1634829081821;BTCEUR;67202278;54296.59000000;0.00069000;1289866609;1289866567;1634829081820;false;true
trade;1634829083496;BTCEUR;67202279;54305.54000000;0.10644000;1289866692;1289866466;1634829083495;false;true
trade;1634829083508;BTCEUR;67202280;54305.54000000;0.02486000;1289866694;1289866466;1634829083508;false;true
trade;1634829083510;BTCEUR;67202281;54305.54000000;0.36000000;1289866695;1289866466;1634829083509;false;true
trade;1634829083513;BTCEUR;67202282;54305.54000000;0.48000000;1289866696;1289866466;1634829083512;false;true
trade;1634829083513;BTCEUR;67202283;54305.54000000;0.05000000;1289866697;1289866466;1634829083513;false;true
trade;1634829083514;BTCEUR;67202284;54305.54000000;0.04000000;1289866698;1289866466;1634829083513;false;true
trade;1634829083514;BTCEUR;67202285;54305.54000000;0.17752000;1289866699;1289866466;1634829083513;false;true
trade;1634829083515;BTCEUR;67202286;54305.54000000;0.00094000;1289866700;1289866466;1634829083514;false;true
trade;1634829083516;BTCEUR;67202287;54305.54000000;0.02000000;1289866701;1289866466;1634829083515;false;true
trade;1634829083521;BTCEUR;67202288;54305.54000000;0.02486000;1289866703;1289866466;1634829083521;false;true
trade;1634829083521;BTCEUR;67202289;54305.54000000;0.07292000;1289866704;1289866466;1634829083521;false;true
trade;1634829083522;BTCEUR;67202290;54305.54000000;0.05265000;1289866705;1289866466;1634829083521;false;true
trade;1634829083523;BTCEUR;67202291;54305.54000000;0.11568000;1289866706;1289866466;1634829083522;false;true
trade;1634829083523;BTCEUR;67202292;54305.54000000;0.03142000;1289866707;1289866466;1634829083523;false;true
trade;1634829083611;BTCEUR;67202293;54305.54000000;0.01577000;1289866712;1289866466;1634829083611;false;true
trade;1634829083700;BTCEUR;67202294;54305.54000000;0.00644000;1289866715;1289866466;1634829083700;false;true
trade;1634829083751;BTCEUR;67202295;54305.54000000;0.01681000;1289866717;1289866466;1634829083751;false;true
trade;1634829083858;BTCEUR;67202296;54305.54000000;0.00918000;1289866720;1289866466;1634829083857;false;true
trade;1634829083940;SOLEUR;2401885;155.75000000;0.20000000;31589297;31589311;1634829083939;true;true
trade;1634829084751;BTCEUR;67202297;54305.54000000;0.02578000;1289866737;1289866466;1634829084751;false;true
trade;1634829085046;BTCEUR;67202298;54305.54000000;0.00966000;1289866740;1289866466;1634829085043;false;true
trade;1634829085237;BTCEUR;67202299;54305.54000000;0.09000000;1289866743;1289866466;1634829085237;false;true
trade;1634829085276;BTCEUR;67202300;54305.54000000;0.17553000;1289866745;1289866466;1634829085275;false;true
trade;1634829085329;BTCEUR;67202301;54305.54000000;0.01753000;1289866748;1289866466;1634829085328;false;true
trade;1634829085476;BTCEUR;67202302;54305.54000000;0.01731000;1289866750;1289866466;1634829085476;false;true
trade;1634829085487;BTCEUR;67202303;54305.54000000;0.02684000;1289866751;1289866466;1634829085486;false;true
trade;1634829085523;BTCEUR;67202304;54305.54000000;0.06506000;1289866753;1289866466;1634829085523;false;true
trade;1634829085549;BTCEUR;67202305;54305.54000000;0.02578000;1289866754;1289866466;1634829085548;false;true
trade;1634829085942;BTCEUR;67202306;54305.54000000;0.07850000;1289866758;1289866466;1634829085941;false;true
trade;1634829085943;BTCEUR;67202307;54305.54000000;0.17271000;1289866759;1289866466;1634829085943;false;true
trade;1634829085943;BTCEUR;67202308;54305.54000000;0.00085000;1289866759;1289866727;1634829085943;false;true
trade;1634829085943;BTCEUR;67202309;54305.58000000;0.00039000;1289866759;1289866738;1634829085943;false;true
trade;1634829085943;BTCEUR;67202310;54305.58000000;0.00158000;1289866759;1289866747;1634829085943;false;true
trade;1634829086022;BTCEUR;67202311;54312.66000000;0.00200000;1289866764;1289866773;1634829086021;true;true
trade;1634829086276;BTCEUR;67202312;54312.67000000;0.00286000;1289866790;1289866496;1634829086276;false;true
trade;1634829086311;BTCEUR;67202313;54312.67000000;0.00159000;1289866792;1289866496;1634829086310;false;true
trade;1634829086435;BTCEUR;67202314;54323.16000000;0.01840000;1289866823;1289866769;1634829086434;false;true
trade;1634829087331;BTCEUR;67202315;54323.16000000;0.01577000;1289866861;1289866818;1634829087330;false;true
trade;1634829087331;BTCEUR;67202316;54323.18000000;0.00177000;1289866861;1289866685;1634829087330;false;true
trade;1634829087501;BTCEUR;67202317;54323.18000000;0.00185000;1289866882;1289866685;1634829087501;false;true
trade;1634829087978;SOLEUR;2401886;156.01000000;1.22000000;31589344;31589329;1634829087977;false;true
trade;1634829087985;BTCEUR;67202318;54323.17000000;0.00036000;1289866871;1289866895;1634829087985;true;true
trade;1634829088331;BTCEUR;67202319;54323.18000000;0.01754000;1289866901;1289866685;1634829088330;false;true
trade;1634829088334;BTCEUR;67202320;54323.18000000;0.01840000;1289866902;1289866685;1634829088334;false;true
trade;1634829088557;RUNEEUR;212592;7.24200000;339.00000000;9002199;9002110;1634829088557;false;true
trade;1634829088754;BTCEUR;67202321;54323.18000000;0.07370000;1289866918;1289866685;1634829088753;false;true
trade;1634829088754;BTCEUR;67202322;54323.18000000;0.00940000;1289866918;1289866852;1634829088753;false;true
trade;1634829089339;BTCEUR;67202323;54323.18000000;0.00001000;1289866933;1289866852;1634829089339;false;true
trade;1634829089339;BTCEUR;67202324;54335.40000000;0.01839000;1289866933;1289866932;1634829089339;false;true
trade;1634829089339;BTCEUR;67202325;54335.40000000;0.00048000;1289866321;1289866932;1634829089339;false;true
trade;1634829089339;BTCEUR;67202326;54335.40000000;0.00019000;1289866412;1289866932;1634829089339;false;true
trade;1634829089339;BTCEUR;67202327;54335.40000000;0.00054000;1289866590;1289866932;1634829089339;false;true
trade;1634829089633;BTCEUR;67202328;54329.77000000;0.01189000;1289866974;1289866975;1634829089632;true;true
trade;1634829089633;BTCEUR;67202329;54329.71000000;0.00618000;1289866969;1289866975;1634829089632;true;true
trade;1634829090094;BTCEUR;67202330;54319.08000000;0.00567000;1289866992;1289866994;1634829090094;true;true
trade;1634829092194;BTCEUR;67202331;54319.08000000;0.00075000;1289867035;1289867074;1634829092193;true;true
trade;1634829092194;BTCEUR;67202332;54319.08000000;0.00089000;1289867072;1289867074;1634829092193;true;true
trade;1634829092740;BTCEUR;67202333;54304.92000000;0.05000000;1289867146;1289867145;1634829092739;false;true
trade;1634829092785;BTCEUR;67202334;54307.48000000;0.04000000;1289867148;1289867143;1634829092784;false;true
trade;1634829092886;BTCEUR;67202335;54308.73000000;0.02743000;1289867152;1289867151;1634829092885;false;true
trade;1634829093828;SOLEUR;2401887;155.76000000;0.34000000;31589390;31589391;1634829093827;true;true
trade;1634829094667;BTCEUR;67202336;54313.23000000;0.00084000;1289867234;1289867209;1634829094667;false;true
trade;1634829095194;BTCEUR;67202337;54308.79000000;0.00811000;1289867259;1289867260;1634829095193;true;true
trade;1634829095281;BTCEUR;67202338;54301.29000000;0.00072000;1289867247;1289867265;1634829095280;true;true
trade;1634829095281;BTCEUR;67202339;54297.42000000;0.00568000;1289867262;1289867265;1634829095280;true;true
trade;1634829095978;BTCEUR;67202340;54300.98000000;0.04000000;1289867301;1289867295;1634829095978;false;true
trade;1634829095978;BTCEUR;67202341;54300.98000000;0.00928000;1289867301;1289867296;1634829095978;false;true
trade;1634829097479;BTCEUR;67202342;54312.93000000;0.00038000;1289867396;1289867399;1634829097478;true;true
trade;1634829097754;BTCEUR;67202343;54312.93000000;0.00461000;1289867396;1289867417;1634829097754;true;true
trade;1634829097992;BTCEUR;67202344;54312.94000000;0.00029000;1289867425;1289867362;1634829097991;false;true
trade;1634829099101;BTCEUR;67202345;54323.86000000;0.00019000;1289867511;1289867509;1634829099100;false;true
trade;1634829100797;SOLEUR;2401888;155.82000000;0.10000000;31589430;31589434;1634829100797;true;true
trade;1634829100797;SOLEUR;2401889;155.81000000;2.89000000;31589429;31589434;1634829100797;true;true
trade;1634829100838;BTCEUR;67202346;54307.88000000;0.00614000;1289867571;1289867608;1634829100837;true;true
trade;1634829101501;BTCEUR;67202347;54296.38000000;0.05000000;1289867670;1289867657;1634829101498;false;true
trade;1634829101501;BTCEUR;67202348;54296.38000000;0.03127000;1289867670;1289867662;1634829101498;false;true
trade;1634829101566;BTCEUR;67202349;54296.38000000;0.01575000;1289867677;1289867672;1634829101566;false;true
trade;1634829101756;BTCEUR;67202350;54307.87000000;0.00034000;1289867701;1289867698;1634829101756;false;true
trade;1634829102141;BTCEUR;67202351;54298.75000000;0.00062000;1289867738;1289867736;1634829102140;false;true
trade;1634829102841;BTCEUR;67202352;54296.97000000;0.00613000;1289867754;1289867767;1634829102840;true;true
trade;1634829103835;BTCEUR;67202353;54300.71000000;0.00613000;1289867789;1289867797;1634829103835;true;true
trade;1634829104433;BTCEUR;67202354;54305.59000000;0.00030000;1289867812;1289867771;1634829104433;false;true
trade;1634829104504;SOLEUR;2401890;155.84000000;1.07000000;31589468;31589461;1634829104503;false;true
trade;1634829104590;SOLEUR;2401891;155.87000000;1.51000000;31589471;31589458;1634829104589;false;true
trade;1634829104590;SOLEUR;2401892;155.87000000;0.09000000;31589472;31589458;1634829104590;false;true
trade;1634829105212;BTCEUR;67202355;54315.93000000;0.00352000;1289867891;1289867893;1634829105212;true;true
trade;1634829107102;BTCEUR;67202356;54314.46000000;0.00922000;1289868022;1289868026;1634829107101;true;true
trade;1634829107392;RUNEEUR;212593;7.23700000;28.80000000;9002235;9002255;1634829107391;true;true
trade;1634829108296;BTCEUR;67202357;54307.00000000;0.01577000;1289868116;1289868113;1634829108296;false;true
trade;1634829108536;BTCEUR;67202358;54301.84000000;0.00297000;1289868125;1289868130;1634829108536;true;true
trade;1634829108657;BTCEUR;67202359;54302.62000000;0.00220000;1289868138;1289868119;1634829108656;false;true
trade;1634829108657;BTCEUR;67202360;54302.62000000;0.00025000;1289868138;1289868120;1634829108656;false;true
trade;1634829113985;BTCEUR;67202361;54308.81000000;0.01577000;1289868383;1289868371;1634829113984;false;true
trade;1634829113985;BTCEUR;67202362;54308.90000000;0.07029000;1289868383;1289868381;1634829113984;false;true
trade;1634829114001;BTCEUR;67202363;54309.22000000;0.00023000;1289868387;1289868389;1634829114001;true;true
trade;1634829114281;BTCEUR;67202364;54309.64000000;0.07000000;1289868395;1289868397;1634829114280;true;true
trade;1634829114281;BTCEUR;67202365;54305.73000000;0.01577000;1289868396;1289868397;1634829114280;true;true
trade;1634829114281;BTCEUR;67202366;54305.72000000;0.04594000;1289868369;1289868397;1634829114280;true;true
trade;1634829115536;BTCEUR;67202367;54309.65000000;0.00045000;1289868448;1289868410;1634829115535;false;true
trade;1634829115582;BTCEUR;67202368;54309.65000000;0.01538000;1289868450;1289868410;1634829115581;false;true
trade;1634829115582;BTCEUR;67202369;54309.65000000;0.00735000;1289868450;1289868433;1634829115581;false;true
trade;1634829115590;BTCEUR;67202370;54309.67000000;0.01583000;1289868452;1289868409;1634829115589;false;true
trade;1634829115624;BTCEUR;67202371;54309.69000000;0.01584000;1289868463;1289868408;1634829115623;false;true
trade;1634829116423;SOLEUR;2401893;155.96000000;0.80000000;31589541;31589521;1634829116422;false;true
trade;1634829116471;SOLEUR;2401894;156.00000000;0.72000000;31589543;31589527;1634829116470;false;true
trade;1634829116471;SOLEUR;2401895;156.00000000;0.20000000;31589543;31589540;1634829116470;false;true
trade;1634829116672;BTCEUR;67202372;54316.15000000;0.02043000;1289868534;1289868532;1634829116672;false;true
trade;1634829116679;BTCEUR;67202373;54316.15000000;0.06010000;1289868538;1289868535;1634829116678;false;true
trade;1634829117017;BTCEUR;67202374;54316.15000000;0.00141000;1289868555;1289868535;1634829117016;false;true
trade;1634829117041;BTCEUR;67202375;54316.15000000;0.00001000;1289868556;1289868535;1634829117041;false;true
trade;1634829117041;BTCEUR;67202376;54316.17000000;0.00091000;1289868556;1289868537;1634829117041;false;true
trade;1634829117086;BTCEUR;67202377;54316.17000000;0.03538000;1289868563;1289868537;1634829117086;false;true
trade;1634829117184;BTCEUR;67202378;54316.17000000;0.00329000;1289868567;1289868537;1634829117183;false;true
trade;1634829117337;BTCEUR;67202379;54316.17000000;0.00090000;1289868578;1289868537;1634829117337;false;true
trade;1634829118561;BTCEUR;67202380;54316.14000000;0.00064000;1289868546;1289868601;1634829118560;true;true
trade;1634829118561;BTCEUR;67202381;54308.63000000;0.02366000;1289868585;1289868601;1634829118560;true;true
trade;1634829118561;BTCEUR;67202382;54308.62000000;0.08000000;1289868455;1289868601;1634829118560;true;true
trade;1634829118578;BTCEUR;67202383;54302.62000000;0.03888000;1289868392;1289868606;1634829118578;true;true
trade;1634829118578;BTCEUR;67202384;54302.62000000;0.02265000;1289868605;1289868606;1634829118578;true;true
trade;1634829118593;BTCEUR;67202385;54307.87000000;0.00800000;1289868608;1289868601;1634829118593;false;true
trade;1634829118640;BTCEUR;67202386;54307.86000000;0.01120000;1289868613;1289868612;1634829118639;false;true
trade;1634829120153;BTCEUR;67202387;54281.95000000;0.02507000;1289868718;1289868721;1634829120153;true;true
trade;1634829120839;BTCEUR;67202388;54302.41000000;0.00100000;1289868751;1289868725;1634829120839;false;true
trade;1634829121535;BTCEUR;67202389;54302.41000000;0.00369000;1289868769;1289868746;1634829121534;false;true
trade;1634829121583;BTCEUR;67202390;54302.40000000;0.02104000;1289868763;1289868771;1634829121582;true;true
trade;1634829121883;BTCEUR;67202391;54307.19000000;0.00203000;1289868780;1289868779;1634829121883;false;true
trade;1634829121947;BTCEUR;67202392;54307.67000000;0.03370000;1289868783;1289868772;1634829121946;false;true
trade;1634829122409;SOLEUR;2401896;155.79000000;3.22000000;31589579;31589594;1634829122408;true;true
trade;1634829122633;BTCEUR;67202393;54302.93000000;0.02000000;1289868790;1289868789;1634829122633;false;true
trade;1634829122685;BTCEUR;67202394;54302.93000000;0.01112000;1289868792;1289868791;1634829122685;false;true
trade;1634829122736;BTCEUR;67202395;54302.93000000;0.04000000;1289868797;1289868794;1634829122736;false;true
trade;1634829123149;BTCEUR;67202396;54307.87000000;0.03320000;1289868824;1289868601;1634829123148;false;true
trade;1634829124280;BTCEUR;67202397;54320.72000000;0.00027000;1289868882;1289868145;1634829124279;false;true
trade;1634829125667;SOLEUR;2401897;155.94000000;0.40000000;31589616;31589612;1634829125666;false;true
trade;1634829125710;BTCEUR;67202398;54320.72000000;0.00063000;1289868921;1289868145;1634829125710;false;true
trade;1634829125723;BTCEUR;67202399;54318.32000000;0.00132000;1289868916;1289868923;1634829125723;true;true
trade;1634829125839;SOLEUR;2401898;155.94000000;0.11000000;31589619;31589618;1634829125839;false;true
trade;1634829126054;BTCEUR;67202400;54320.72000000;0.00001000;1289868930;1289868145;1634829126053;false;true
trade;1634829126054;BTCEUR;67202401;54324.11000000;0.06065000;1289868930;1289867631;1634829126053;false;true
trade;1634829126230;SOLEUR;2401899;155.73000000;0.06000000;31589605;31589624;1634829126229;true;true
trade;1634829126374;SOLEUR;2401900;155.94000000;0.09000000;31589625;31589618;1634829126374;false;true
trade;1634829126387;BTCEUR;67202402;54341.07000000;0.01577000;1289868988;1289868986;1634829126387;false;true
trade;1634829126387;BTCEUR;67202403;54341.10000000;0.00622000;1289868988;1289868904;1634829126387;false;true
trade;1634829126389;BTCEUR;67202404;54341.10000000;0.00927000;1289868989;1289868904;1634829126388;false;true
trade;1634829126391;BTCEUR;67202405;54341.10000000;0.03047000;1289868990;1289868904;1634829126390;false;true
trade;1634829126402;BTCEUR;67202406;54340.72000000;0.00215000;1289868993;1289868991;1634829126401;false;true
trade;1634829126504;BTCEUR;67202407;54340.72000000;0.01362000;1289869000;1289868991;1634829126503;false;true
trade;1634829126504;BTCEUR;67202408;54341.10000000;0.04245000;1289869000;1289868904;1634829126503;false;true
trade;1634829126539;BTCEUR;67202409;54340.72000000;0.00632000;1289869005;1289869002;1634829126539;false;true
trade;1634829126639;BTCEUR;67202410;54340.54000000;0.01089000;1289869014;1289869010;1634829126638;false;true
trade;1634829126925;BTCEUR;67202411;54340.54000000;0.00002000;1289869030;1289869010;1634829126924;false;true
trade;1634829126925;BTCEUR;67202412;54344.69000000;0.00732000;1289869030;1289869018;1634829126924;false;true
trade;1634829127720;SOLEUR;2401901;156.00000000;0.27000000;31589635;31589633;1634829127719;false;true
trade;1634829129596;BTCEUR;67202413;54344.70000000;0.00023000;1289869148;1289868845;1634829129595;false;true
trade;1634829129687;SOLEUR;2401902;156.04000000;4.87000000;31589655;31589647;1634829129686;false;true
trade;1634829130108;BTCEUR;67202414;54350.92000000;0.08000000;1289869169;1289869193;1634829130107;true;true
trade;1634829130108;BTCEUR;67202415;54350.92000000;0.03605000;1289869170;1289869193;1634829130107;true;true
trade;1634829130139;BTCEUR;67202416;54350.92000000;0.05000000;1289869196;1289869198;1634829130139;true;true
trade;1634829130679;BTCEUR;67202417;54339.81000000;0.00142000;1289869225;1289869241;1634829130678;true;true
trade;1634829130679;BTCEUR;67202418;54339.79000000;0.00496000;1289869236;1289869241;1634829130678;true;true
trade;1634829130679;BTCEUR;67202419;54337.22000000;0.00022000;1289867169;1289869241;1634829130678;true;true
trade;1634829130679;BTCEUR;67202420;54331.63000000;0.01576000;1289869234;1289869241;1634829130678;true;true
trade;1634829130679;BTCEUR;67202421;54331.62000000;0.00100000;1289869224;1289869241;1634829130678;true;true
trade;1634829130679;BTCEUR;67202422;54331.61000000;0.02320000;1289869215;1289869241;1634829130678;true;true
trade;1634829131621;BTCEUR;67202423;54345.93000000;0.02000000;1289869291;1289869292;1634829131621;true;true
trade;1634829131735;BTCEUR;67202424;54337.12000000;0.01000000;1289869290;1289869302;1634829131735;true;true
trade;1634829131735;BTCEUR;67202425;54337.04000000;0.01961000;1289869257;1289869302;1634829131735;true;true
trade;1634829131820;SOLEUR;2401903;156.07000000;0.13000000;31589671;31589670;1634829131819;false;true
trade;1634829131923;BTCEUR;67202426;54346.06000000;0.02000000;1289869309;1289869310;1634829131922;true;true
trade;1634829131979;SOLEUR;2401904;156.09000000;1.14000000;31589673;31589662;1634829131976;false;true
trade;1634829131979;SOLEUR;2401905;156.09000000;0.01000000;31589674;31589662;1634829131978;false;true
trade;1634829133493;BTCEUR;67202427;54344.93000000;0.02000000;1289869370;1289869359;1634829133492;false;true
trade;1634829134289;BTCEUR;67202428;54340.73000000;0.02000000;1289869399;1289869398;1634829134289;false;true
trade;1634829134431;BTCEUR;67202429;54343.46000000;0.01855000;1289869406;1289869405;1634829134431;false;true
trade;1634829134913;SOLEUR;2401906;156.11000000;0.07000000;31589690;31589682;1634829134912;false;true
trade;1634829134980;BTCEUR;67202430;54343.46000000;0.00145000;1289869422;1289869405;1634829134980;false;true
trade;1634829134980;BTCEUR;67202431;54343.46000000;0.00577000;1289869422;1289869414;1634829134980;false;true
trade;1634829134980;BTCEUR;67202432;54343.46000000;0.00423000;1289869423;1289869414;1634829134980;false;true
trade;1634829134980;BTCEUR;67202433;54343.46000000;0.00299000;1289869423;1289869419;1634829134980;false;true
trade;1634829134980;BTCEUR;67202434;54343.46000000;0.00722000;1289869424;1289869419;1634829134980;false;true
trade;1634829135086;SOLEUR;2401907;156.13000000;0.50000000;31589696;31589315;1634829135086;false;true
trade;1634829135169;SOLEUR;2401908;156.16000000;9.04000000;31589703;31589236;1634829135168;false;true
trade;1634829135359;SOLEUR;2401909;156.16000000;15.88000000;31589704;31589236;1634829135358;false;true
trade;1634829135665;SOLEUR;2401910;156.16000000;7.28000000;31589707;31589236;1634829135664;false;true
trade;1634829135676;SOLEUR;2401911;156.16000000;9.70000000;31589708;31589236;1634829135676;false;true
trade;1634829135680;SOLEUR;2401912;156.16000000;10.00000000;31589709;31589236;1634829135680;false;true
trade;1634829135734;SOLEUR;2401913;156.16000000;2.60000000;31589710;31589236;1634829135733;false;true
trade;1634829135791;SOLEUR;2401914;156.16000000;0.11000000;31589712;31589236;1634829135790;false;true
trade;1634829135837;SOLEUR;2401915;156.16000000;5.61000000;31589715;31589236;1634829135837;false;true
trade;1634829135864;SOLEUR;2401916;156.16000000;1.33000000;31589717;31589236;1634829135864;false;true
trade;1634829135888;SOLEUR;2401917;156.16000000;0.53000000;31589718;31589236;1634829135888;false;true
trade;1634829136039;SOLEUR;2401918;156.16000000;0.19000000;31589722;31589236;1634829136039;false;true
trade;1634829136141;SOLEUR;2401919;156.16000000;2.29000000;31589723;31589236;1634829136140;false;true
trade;1634829136188;SOLEUR;2401920;156.16000000;3.56000000;31589724;31589236;1634829136188;false;true
trade;1634829136389;BTCEUR;67202435;54350.93000000;0.10374000;1289869478;1289866115;1634829136389;false;true
trade;1634829136389;BTCEUR;67202436;54350.93000000;0.08492000;1289869478;1289869468;1634829136389;false;true
trade;1634829136430;BTCEUR;67202437;54350.93000000;0.01854000;1289869481;1289869468;1634829136429;false;true
trade;1634829136443;SOLEUR;2401921;156.20000000;0.71000000;31589727;31589716;1634829136442;false;true
trade;1634829136943;BTCEUR;67202438;54354.58000000;0.06065000;1289869504;1289868934;1634829136943;false;true
trade;1634829137037;SOLEUR;2401922;156.21000000;0.07000000;31589730;31589713;1634829137036;false;true
trade;1634829137165;SOLEUR;2401923;156.22000000;3.54000000;31589732;31589446;1634829137165;false;true
trade;1634829137251;SOLEUR;2401924;156.24000000;1.78000000;31589736;31589302;1634829137251;false;true
trade;1634829137251;SOLEUR;2401925;156.24000000;2.50000000;31589736;31589409;1634829137251;false;true
trade;1634829137428;BTCEUR;67202439;54371.78000000;0.01854000;1289869568;1289869567;1634829137427;false;true
trade;1634829138240;BTCEUR;67202440;54371.79000000;0.02738000;1289869617;1289869546;1634829138239;false;true
trade;1634829138563;BTCEUR;67202441;54374.59000000;0.02440000;1289869632;1289869633;1634829138563;true;true
trade;1634829138572;BTCEUR;67202442;54374.59000000;0.01000000;1289869632;1289869634;1634829138571;true;true
trade;1634829138575;BTCEUR;67202443;54374.59000000;0.00560000;1289869632;1289869635;1634829138575;true;true
trade;1634829138593;BTCEUR;67202444;54371.78000000;0.00181000;1289869611;1289869637;1634829138592;true;true
trade;1634829138598;BTCEUR;67202445;54371.78000000;0.00819000;1289869611;1289869638;1634829138597;true;true
trade;1634829138868;BTCEUR;67202446;54363.58000000;0.00183000;1289869609;1289869649;1634829138867;true;true
trade;1634829140655;SOLEUR;2401926;156.28000000;1.00000000;31589757;31589763;1634829140654;true;true
trade;1634829142892;SOLEUR;2401927;156.50000000;1.83000000;31589778;31589769;1634829142891;false;true
trade;1634829142892;SOLEUR;2401928;156.50000000;1.04000000;31589778;31589773;1634829142891;false;true
trade;1634829143536;SOLEUR;2401929;156.50000000;0.27000000;31589782;31589773;1634829143536;false;true
trade;1634829143586;SOLEUR;2401930;156.50000000;0.38000000;31589784;31589773;1634829143585;false;true
trade;1634829143686;SOLEUR;2401931;156.50000000;0.37000000;31589785;31589773;1634829143686;false;true
trade;1634829143734;SOLEUR;2401932;156.51000000;1.00000000;31589786;31589764;1634829143733;false;true
trade;1634829143838;SOLEUR;2401933;156.52000000;0.34000000;31589788;31588657;1634829143838;false;true
trade;1634829143881;SOLEUR;2401934;156.29000000;1.83000000;31589780;31589790;1634829143881;true;true
trade;1634829143943;SOLEUR;2401935;156.50000000;1.83000000;31589791;31589789;1634829143943;false;true
trade;1634829144600;SOLEUR;2401936;156.31000000;8.00000000;31589792;31589793;1634829144599;true;true
trade;1634829145838;BTCEUR;67202447;54389.65000000;0.00573000;1289869935;1289869896;1634829145838;false;true
trade;1634829146646;BTCEUR;67202448;54387.72000000;0.01999000;1289869969;1289869968;1634829146645;false;true
trade;1634829147835;BTCEUR;67202449;54391.46000000;0.00572000;1289870021;1289870020;1634829147835;false;true
trade;1634829148446;BTCEUR;67202450;54390.40000000;0.00154000;1289870041;1289870039;1634829148446;false;true
trade;1634829148837;BTCEUR;67202451;54388.96000000;0.00572000;1289870052;1289870050;1634829148837;false;true
trade;1634829149244;BTCEUR;67202452;54393.03000000;0.02000000;1289870077;1289870080;1634829149243;true;true
trade;1634829149457;BTCEUR;67202453;54393.33000000;0.00457000;1289870093;1289870092;1634829149457;false;true
trade;1634829149796;BTCEUR;67202454;54393.37000000;0.00039000;1289870108;1289870105;1634829149796;false;true
trade;1634829149796;BTCEUR;67202455;54393.99000000;0.00082000;1289870108;1289863073;1634829149796;false;true
trade;1634829149796;BTCEUR;67202456;54393.99000000;0.00468000;1289870108;1289870089;1634829149796;false;true
trade;1634829150268;BTCEUR;67202457;54397.34000000;0.02000000;1289870121;1289870149;1634829150268;true;true
trade;1634829152823;BTCEUR;67202458;54404.79000000;0.01574000;1289870318;1289870321;1634829152822;true;true
trade;1634829152835;BTCEUR;67202459;54404.79000000;0.01000000;1289870320;1289870322;1634829152835;true;true
trade;1634829152935;BTCEUR;67202460;54404.78000000;0.01047000;1289870325;1289870327;1634829152935;true;true
trade;1634829152936;BTCEUR;67202461;54404.78000000;0.00953000;1289870325;1289870328;1634829152935;true;true
trade;1634829152968;BTCEUR;67202462;54404.78000000;0.09000000;1289870329;1289870335;1634829152967;true;true
trade;1634829152975;BTCEUR;67202463;54404.78000000;0.06000000;1289870329;1289870336;1634829152975;true;true
trade;1634829152975;BTCEUR;67202464;54404.78000000;0.00047000;1289870330;1289870336;1634829152975;true;true
trade;1634829153109;BTCEUR;67202465;54404.78000000;0.00637000;1289870333;1289870349;1634829153108;true;true
trade;1634829153109;BTCEUR;67202466;54404.78000000;0.01574000;1289870344;1289870349;1634829153108;true;true
trade;1634829153127;BTCEUR;67202467;54404.78000000;0.00637000;1289870350;1289870353;1634829153127;true;true
trade;1634829153139;BTCEUR;67202468;54404.78000000;0.01038000;1289870350;1289870355;1634829153138;true;true
trade;1634829153640;BTCEUR;67202469;54404.80000000;0.12960000;1289870376;1289869878;1634829153640;false;true
trade;1634829153951;BTCEUR;67202470;54407.87000000;0.00405000;1289870394;1289861687;1634829153943;false;true
trade;1634829154415;SOLEUR;2401937;156.31000000;8.03000000;31589820;31589839;1634829154415;true;true
trade;1634829154415;SOLEUR;2401938;156.30000000;8.26000000;31589795;31589839;1634829154415;true;true
trade;1634829154415;SOLEUR;2401939;156.28000000;3.87000000;31589757;31589839;1634829154415;true;true
trade;1634829154415;SOLEUR;2401940;156.27000000;6.66000000;31589755;31589839;1634829154415;true;true
trade;1634829154415;SOLEUR;2401941;156.01000000;3.71000000;31589817;31589839;1634829154415;true;true
trade;1634829154844;BTCEUR;67202471;54407.87000000;0.00638000;1289870426;1289861687;1634829154843;false;true
trade;1634829155002;BTCEUR;67202472;54407.87000000;0.01289000;1289870430;1289861687;1634829155001;false;true
trade;1634829155107;BTCEUR;67202473;54407.86000000;0.00018000;1289870382;1289870434;1634829155107;true;true
trade;1634829155177;SOLEUR;2401942;156.40000000;8.37000000;31589862;31589863;1634829155177;true;true
trade;1634829155835;BTCEUR;67202474;54407.87000000;0.01343000;1289870458;1289861687;1634829155834;false;true
trade;1634829155878;BTCEUR;67202475;54423.75000000;0.00644000;1289870478;1289870473;1634829155877;false;true
trade;1634829156031;SOLEUR;2401943;156.55000000;3.87000000;31589870;31589858;1634829156030;false;true
trade;1634829156031;SOLEUR;2401944;156.55000000;2.51000000;31589870;31589869;1634829156030;false;true
trade;1634829156139;BTCEUR;67202476;54418.61000000;0.01573000;1289870524;1289870535;1634829156138;true;true
trade;1634829156193;BTCEUR;67202477;54418.62000000;0.02000000;1289870541;1289870532;1634829156193;false;true
trade;1634829156512;BTCEUR;67202478;54412.01000000;0.00053000;1289870555;1289870562;1634829156511;true;true
trade;1634829157088;SOLEUR;2401945;156.43000000;2.51000000;31589884;31589887;1634829157088;true;true
trade;1634829157088;SOLEUR;2401946;156.42000000;5.44000000;31589883;31589887;1634829157088;true;true
trade;1634829157088;SOLEUR;2401947;156.40000000;6.66000000;31589877;31589887;1634829157088;true;true
trade;1634829157088;SOLEUR;2401948;156.25000000;2.21000000;31589882;31589887;1634829157088;true;true
trade;1634829157088;SOLEUR;2401949;156.05000000;4.02000000;31589860;31589887;1634829157088;true;true
trade;1634829157088;SOLEUR;2401950;156.01000000;3.80000000;31589840;31589887;1634829157088;true;true
trade;1634829157088;SOLEUR;2401951;155.99000000;5.86000000;31589699;31589887;1634829157088;true;true
trade;1634829157214;BTCEUR;67202479;54418.32000000;0.00931000;1289870605;1289870608;1634829157214;true;true
trade;1634829157304;BTCEUR;67202480;54422.43000000;0.00999000;1289870609;1289870612;1634829157303;true;true
trade;1634829157402;BTCEUR;67202481;54422.43000000;0.00001000;1289870609;1289870623;1634829157402;true;true
trade;1634829157402;BTCEUR;67202482;54422.43000000;0.00998000;1289870615;1289870623;1634829157402;true;true
trade;1634829157840;BTCEUR;67202483;54427.29000000;0.00038000;1289870643;1289866735;1634829157839;false;true
trade;1634829157840;BTCEUR;67202484;54433.90000000;0.00599000;1289870643;1289870642;1634829157839;false;true
trade;1634829157918;BTCEUR;67202485;54431.12000000;0.00019000;1289870654;1289870651;1634829157917;false;true
trade;1634829158947;BTCEUR;67202486;54411.40000000;0.11027000;1289870740;1289870738;1634829158947;false;true
trade;1634829159545;SOLEUR;2401952;156.34000000;0.19000000;31589894;31589901;1634829159544;true;true
trade;1634829159982;BTCEUR;67202487;54398.68000000;0.01101000;1289870816;1289870812;1634829159982;false;true
trade;1634829160205;BTCEUR;67202488;54410.08000000;0.00699000;1289870844;1289870839;1634829160205;false;true
trade;1634829161220;BTCEUR;67202489;54401.40000000;0.01767000;1289870899;1289870895;1634829161219;false;true
trade;1634829162489;BTCEUR;67202490;54401.40000000;0.02000000;1289870954;1289870951;1634829162488;false;true
trade;1634829162489;BTCEUR;67202491;54407.12000000;0.00173000;1289870954;1289870950;1634829162488;false;true
trade;1634829163285;BTCEUR;67202492;54391.26000000;0.00528000;1289871011;1289871008;1634829163284;false;true
trade;1634829163866;BTCEUR;67202493;54391.25000000;0.00380000;1289871013;1289871041;1634829163865;true;true
trade;1634829164798;SOLEUR;2401953;156.42000000;6.94000000;31589930;31589919;1634829164798;false;true
trade;1634829164936;BTCEUR;67202494;54411.40000000;0.00111000;1289871138;1289871128;1634829164935;false;true
trade;1634829166122;BTCEUR;67202495;54422.81000000;0.00111000;1289871213;1289870768;1634829166121;false;true
trade;1634829166326;SOLEUR;2401954;156.20000000;5.48000000;31589937;31589940;1634829166325;true;true
trade;1634829166326;SOLEUR;2401955;156.19000000;3.95000000;31589904;31589940;1634829166325;true;true
trade;1634829166781;BTCEUR;67202496;54422.81000000;0.00001000;1289871249;1289870768;1634829166780;false;true
trade;1634829166918;SOLEUR;2401956;156.45000000;3.47000000;31589946;31589932;1634829166917;false;true
trade;1634829166918;SOLEUR;2401957;156.45000000;0.33000000;31589946;31589945;1634829166917;false;true
trade;1634829166960;BTCEUR;67202497;54433.71000000;0.02000000;1289871270;1289871285;1634829166960;true;true
trade;1634829167428;BTCEUR;67202498;54424.57000000;0.00801000;1289871318;1289871313;1634829167428;false;true
trade;1634829167759;BTCEUR;67202499;54423.01000000;0.01182000;1289871330;1289871331;1634829167759;true;true
trade;1634829167759;BTCEUR;67202500;54422.80000000;0.00043000;1289871245;1289871331;1634829167759;true;true
trade;1634829168329;BTCEUR;67202501;54422.99000000;0.01000000;1289871351;1289871359;1634829168329;true;true
trade;1634829168329;BTCEUR;67202502;54422.99000000;0.00660000;1289871355;1289871359;1634829168329;true;true
trade;1634829168329;BTCEUR;67202503;54422.80000000;0.00400000;1289871245;1289871359;1634829168329;true;true
trade;1634829168387;BTCEUR;67202504;54410.08000000;0.05334000;1289871365;1289871359;1634829168387;false;true
trade;1634829168684;BTCEUR;67202505;54431.20000000;0.00372000;1289871396;1289871363;1634829168684;false;true
trade;1634829169001;BTCEUR;67202506;54433.91000000;0.00352000;1289871421;1289871422;1634829169000;true;true
trade;1634829169762;BTCEUR;67202507;54431.96000000;0.07677000;1289871443;1289871499;1634829169762;true;true
trade;1634829170901;SOLEUR;2401958;156.41000000;0.27000000;31589977;31589975;1634829170900;false;true
trade;1634829170989;SOLEUR;2401959;156.41000000;0.27000000;31589980;31589975;1634829170989;false;true
trade;1634829171165;BTCEUR;67202508;54430.85000000;0.01181000;1289871592;1289871590;1634829171164;false;true
trade;1634829171630;SOLEUR;2401960;156.20000000;0.27000000;31589978;31589985;1634829171630;true;true
trade;1634829171630;SOLEUR;2401961;156.19000000;0.22000000;31589976;31589985;1634829171630;true;true
trade;1634829171836;SOLEUR;2401962;156.39000000;1.36000000;31589988;31589984;1634829171835;false;true
trade;1634829173229;SOLEUR;2401963;156.40000000;1.50000000;31589992;31589983;1634829173229;false;true
trade;1634829173587;BTCEUR;67202509;54430.39000000;0.02000000;1289871647;1289871643;1634829173586;false;true
trade;1634829173682;BTCEUR;67202510;54429.76000000;0.01000000;1289871653;1289871651;1634829173681;false;true
trade;1634829173732;BTCEUR;67202511;54430.65000000;0.02000000;1289871654;1289871641;1634829173732;false;true
trade;1634829174093;SOLEUR;2401964;156.46000000;2.50000000;31590004;31589994;1634829174092;false;true
trade;1634829174139;SOLEUR;2401965;156.46000000;0.27000000;31590006;31589994;1634829174138;false;true
trade;1634829174194;SOLEUR;2401966;156.46000000;0.27000000;31590007;31589994;1634829174193;false;true
trade;1634829174233;SOLEUR;2401967;156.46000000;1.12000000;31590011;31589994;1634829174232;false;true
trade;1634829175806;SOLEUR;2401968;156.47000000;3.72000000;31590024;31589993;1634829175805;false;true
trade;1634829175871;SOLEUR;2401969;156.24000000;0.87000000;31590022;31590026;1634829175870;true;true
trade;1634829176087;BTCEUR;67202512;54440.30000000;0.00189000;1289871785;1289871764;1634829176086;false;true
trade;1634829176227;SOLEUR;2401970;156.50000000;1.02000000;31590030;31589918;1634829176226;false;true
trade;1634829176227;SOLEUR;2401971;156.50000000;2.12000000;31590030;31589944;1634829176226;false;true
trade;1634829176238;SOLEUR;2401972;156.50000000;2.11000000;31590031;31589944;1634829176237;false;true
trade;1634829176240;SOLEUR;2401973;156.50000000;1.00000000;31590032;31589944;1634829176239;false;true
trade;1634829176242;SOLEUR;2401974;156.50000000;1.00000000;31590033;31589944;1634829176242;false;true
trade;1634829176245;SOLEUR;2401975;156.50000000;1.00000000;31590034;31589944;1634829176244;false;true
trade;1634829176247;SOLEUR;2401976;156.50000000;0.89000000;31590036;31589944;1634829176246;false;true
trade;1634829176833;SOLEUR;2401977;156.58000000;0.12000000;31590042;31588658;1634829176832;false;true
trade;1634829176938;SOLEUR;2401978;156.61000000;1.86000000;31590044;31590040;1634829176938;false;true
trade;1634829176954;BTCEUR;67202513;54433.66000000;0.00175000;1289871841;1289871844;1634829176953;true;true
trade;1634829177326;SOLEUR;2401979;156.63000000;0.91000000;31590052;31588666;1634829177325;false;true
trade;1634829177649;BTCEUR;67202514;54437.00000000;0.00537000;1289871881;1289871852;1634829177649;false;true
trade;1634829177650;BTCEUR;67202515;54437.00000000;0.00537000;1289871882;1289871852;1634829177650;false;true
trade;1634829177650;BTCEUR;67202516;54437.00000000;0.00537000;1289871883;1289871852;1634829177650;false;true
trade;1634829177691;BTCEUR;67202517;54437.00000000;0.04889000;1289871889;1289871852;1634829177690;false;true
trade;1634829177861;BTCEUR;67202518;54445.65000000;0.03283000;1289871912;1289871919;1634829177861;true;true
trade;1634829178333;SOLEUR;2401980;156.70000000;0.54000000;31590062;31589922;1634829178333;false;true
trade;1634829178436;BTCEUR;67202519;54437.04000000;0.00319000;1289871952;1289871928;1634829178435;false;true
trade;1634829178485;BTCEUR;67202520;54437.04000000;0.11788000;1289871958;1289871953;1634829178485;false;true
trade;1634829178536;BTCEUR;67202521;54437.04000000;0.03212000;1289871963;1289871953;1634829178535;false;true
trade;1634829178590;SOLEUR;2401981;156.73000000;6.00000000;31590066;31588084;1634829178589;false;true
trade;1634829178743;SOLEUR;2401982;156.74000000;1.04000000;31590068;31589933;1634829178743;false;true
trade;1634829178931;BTCEUR;67202522;54440.26000000;0.09987000;1289872001;1289871997;1634829178930;false;true
trade;1634829178988;BTCEUR;67202523;54440.26000000;0.02090000;1289872004;1289871997;1634829178988;false;true
trade;1634829179036;BTCEUR;67202524;54437.53000000;0.00033000;1289872009;1289872008;1634829179036;false;true
trade;1634829179053;SOLEUR;2401983;156.79000000;0.17000000;31590075;31588361;1634829179053;false;true
trade;1634829179053;SOLEUR;2401984;156.79000000;5.00000000;31590075;31590074;1634829179053;false;true
trade;1634829179068;SOLEUR;2401985;156.79000000;4.76000000;31590076;31590074;1634829179067;false;true
trade;1634829179090;BTCEUR;67202525;54437.53000000;0.01389000;1289872011;1289872008;1634829179089;false;true
trade;1634829179145;SOLEUR;2401986;156.79000000;0.41000000;31590077;31590074;1634829179144;false;true
trade;1634829179289;BTCEUR;67202526;54433.65000000;0.00474000;1289872028;1289872026;1634829179289;false;true
trade;1634829179339;BTCEUR;67202527;54433.66000000;0.00474000;1289872031;1289872023;1634829179338;false;true
trade;1634829179486;BTCEUR;67202528;54433.66000000;0.06138000;1289872048;1289872042;1634829179486;false;true
trade;1634829179534;BTCEUR;67202529;54433.68000000;0.06138000;1289872049;1289872043;1634829179533;false;true
trade;1634829179584;BTCEUR;67202530;54433.70000000;0.06137000;1289872058;1289872044;1634829179584;false;true
trade;1634829179634;BTCEUR;67202531;54437.53000000;0.06587000;1289872061;1289872008;1634829179634;false;true
trade;1634829179686;SOLEUR;2401987;156.80000000;0.49000000;31590083;31590078;1634829179685;false;true
trade;1634829179849;SOLEUR;2401988;156.81000000;0.11000000;31590084;31590073;1634829179841;false;true
trade;1634829180934;SOLEUR;2401989;156.66000000;7.75000000;31590060;31590094;1634829180934;true;true
trade;1634829180937;SOLEUR;2401990;156.47000000;0.76000000;31590090;31590096;1634829180937;true;true
trade;1634829180937;SOLEUR;2401991;156.46000000;8.62000000;31590029;31590096;1634829180937;true;true
trade;1634829180937;SOLEUR;2401992;156.25000000;0.79000000;31590063;31590096;1634829180937;true;true
trade;1634829181137;BTCEUR;67202532;54428.60000000;0.02000000;1289872099;1289872095;1634829181137;false;true
trade;1634829181185;BTCEUR;67202533;54428.60000000;0.01000000;1289872105;1289872096;1634829181184;false;true
trade;1634829181463;SOLEUR;2401993;156.56000000;0.83000000;31590102;31590108;1634829181462;true;true
trade;1634829181617;BTCEUR;67202534;54428.59000000;0.00045000;1289872074;1289872137;1634829181616;true;true
trade;1634829181986;BTCEUR;67202535;54418.48000000;0.00801000;1289872173;1289872171;1634829181986;false;true
trade;1634829182989;BTCEUR;67202536;54421.47000000;0.00467000;1289872216;1289872209;1634829182988;false;true
trade;1634829183028;BTCEUR;67202537;54421.47000000;0.03033000;1289872218;1289872209;1634829183027;false;true
trade;1634829183028;BTCEUR;67202538;54421.47000000;0.00467000;1289872218;1289872217;1634829183027;false;true
trade;1634829183182;BTCEUR;67202539;54418.76000000;0.02983000;1289872227;1289872221;1634829183182;false;true
trade;1634829183239;BTCEUR;67202540;54421.47000000;0.00182000;1289872231;1289872223;1634829183238;false;true
trade;1634829183472;BTCEUR;67202541;54427.88000000;0.00071000;1289872238;1289872237;1634829183472;false;true
trade;1634829183786;SOLEUR;2401994;156.65000000;0.69000000;31590125;31590123;1634829183786;false;true
trade;1634829183935;SOLEUR;2401995;156.38000000;4.86000000;31590122;31590126;1634829183935;true;true
trade;1634829183935;SOLEUR;2401996;156.37000000;5.20000000;31590114;31590126;1634829183935;true;true
trade;1634829184174;BTCEUR;67202542;54418.75000000;0.00800000;1289872205;1289872259;1634829184173;true;true
trade;1634829184479;BTCEUR;67202543;54400.58000000;0.00019000;1289871871;1289872312;1634829184478;true;true
trade;1634829184479;BTCEUR;67202544;54399.61000000;0.00072000;1289872281;1289872312;1634829184478;true;true
trade;1634829184479;BTCEUR;67202545;54399.60000000;0.00382000;1289871768;1289872312;1634829184478;true;true
trade;1634829184640;BTCEUR;67202546;54400.10000000;0.01574000;1289872328;1289872323;1634829184639;false;true
trade;1634829184640;BTCEUR;67202547;54400.59000000;0.01902000;1289872328;1289872310;1634829184639;false;true
trade;1634829185397;BTCEUR;67202548;54389.39000000;0.00059000;1289872370;1289872362;1634829185397;false;true
trade;1634829185919;SOLEUR;2401997;156.37000000;8.97000000;31590114;31590140;1634829185919;true;true
trade;1634829185982;BTCEUR;67202549;54389.39000000;0.01000000;1289872404;1289872395;1634829185981;false;true
trade;1634829185919;SOLEUR;2401998;156.18000000;17.51000000;31589898;31590140;1634829185919;true;true
trade;1634829185982;BTCEUR;67202550;54389.39000000;0.04000000;1289872404;1289872399;1634829185981;false;true
trade;1634829185919;SOLEUR;2401999;156.01000000;8.26000000;31590119;31590140;1634829185919;true;true
trade;1634829185919;SOLEUR;2402000;156.00000000;3.77000000;31590099;31590140;1634829185919;true;true
trade;1634829186186;BTCEUR;67202551;54395.63000000;0.07807000;1289872417;1289872384;1634829186185;false;true
trade;1634829186186;BTCEUR;67202552;54395.63000000;0.11279000;1289872417;1289872386;1634829186185;false;true
trade;1634829186244;SOLEUR;2402001;156.50000000;7.83000000;31590165;31590171;1634829186244;true;true
trade;1634829186826;BTCEUR;67202553;54396.35000000;0.00438000;1289872455;1289872453;1634829186826;false;true
trade;1634829188852;BTCEUR;67202554;54392.19000000;0.00593000;1289872536;1289872534;1634829188851;false;true
trade;1634829188936;BTCEUR;67202555;54392.19000000;0.03407000;1289872539;1289872534;1634829188936;false;true
trade;1634829189090;BTCEUR;67202556;54389.16000000;0.05000000;1289872544;1289872541;1634829189090;false;true
trade;1634829189193;BTCEUR;67202557;54392.33000000;0.00188000;1289872552;1289872549;1634829189193;false;true
trade;1634829189237;BTCEUR;67202558;54392.33000000;0.03812000;1289872553;1289872549;1634829189236;false;true
trade;1634829189994;BTCEUR;67202559;54389.34000000;0.00243000;1289872613;1289872610;1634829189994;false;true
trade;1634829190403;BTCEUR;67202560;54397.24000000;0.00033000;1289872630;1289872526;1634829190403;false;true
trade;1634829190679;SOLEUR;2402002;156.49000000;0.12000000;31590223;31590220;1634829190678;false;true
trade;1634829190787;BTCEUR;67202561;54406.35000000;0.03470000;1289872645;1289872606;1634829190786;false;true
trade;1634829191378;BTCEUR;67202562;54409.31000000;0.00100000;1289872694;1289872664;1634829191378;false;true
trade;1634829191445;BTCEUR;67202563;54411.40000000;0.00091000;1289872704;1289872347;1634829191444;false;true
trade;1634829191445;BTCEUR;67202564;54414.77000000;0.04639000;1289872704;1289872669;1634829191444;false;true
trade;1634829191447;BTCEUR;67202565;54414.77000000;0.06732000;1289872706;1289872669;1634829191446;false;true
trade;1634829191448;BTCEUR;67202566;54414.77000000;0.06181000;1289872707;1289872669;1634829191447;false;true
trade;1634829191448;BTCEUR;67202567;54414.77000000;0.02448000;1289872709;1289872669;1634829191447;false;true
trade;1634829191481;BTCEUR;67202568;54420.44000000;0.00278000;1289872718;1289872646;1634829191480;false;true
trade;1634829191481;BTCEUR;67202569;54420.44000000;0.05787000;1289872719;1289872646;1634829191480;false;true
trade;1634829191499;BTCEUR;67202570;54432.31000000;0.08000000;1289872726;1289872717;1634829191499;false;true
trade;1634829191501;SOLEUR;2402003;156.48000000;4.47000000;31590237;31590225;1634829191501;false;true
trade;1634829191575;BTCEUR;67202571;54443.73000000;0.00099000;1289872745;1289872739;1634829191575;false;true
trade;1634829191869;SOLEUR;2402004;156.50000000;1.59000000;31590238;31590216;1634829191869;false;true
trade;1634829191976;RUNEEUR;212594;7.23700000;83.30000000;9002418;9002417;1634829191976;false;true
trade;1634829193491;BTCEUR;67202572;54436.82000000;0.02110000;1289872860;1289872841;1634829193490;false;true
trade;1634829193796;SOLEUR;2402005;156.56000000;1.00000000;31590255;31590250;1634829193795;false;true
trade;1634829193841;SOLEUR;2402006;156.56000000;1.24000000;31590256;31590250;1634829193841;false;true
trade;1634829194232;SOLEUR;2402007;156.61000000;5.15000000;31590261;31590222;1634829194231;false;true
trade;1634829195801;BTCEUR;67202573;54445.50000000;0.00037000;1289872994;1289872993;1634829195800;false;true
trade;1634829195811;SOLEUR;2402008;156.45000000;0.12000000;31590245;31590271;1634829195810;true;true
trade;1634829195811;SOLEUR;2402009;156.44000000;7.34000000;31590244;31590271;1634829195810;true;true
trade;1634829195811;SOLEUR;2402010;156.24000000;7.83000000;31590270;31590271;1634829195810;true;true
trade;1634829195811;SOLEUR;2402011;156.23000000;16.25000000;31590201;31590271;1634829195810;true;true
trade;1634829195811;SOLEUR;2402012;156.03000000;12.57000000;31590252;31590271;1634829195810;true;true
trade;1634829195811;SOLEUR;2402013;156.01000000;1.00000000;31590231;31590271;1634829195810;true;true
trade;1634829195811;SOLEUR;2402014;156.00000000;0.17000000;31590120;31590271;1634829195810;true;true
trade;1634829195811;SOLEUR;2402015;156.00000000;3.67000000;31590260;31590271;1634829195810;true;true
trade;1634829196144;SOLEUR;2402016;156.50000000;6.56000000;31590297;31590295;1634829196142;false;true
trade;1634829196156;SOLEUR;2402017;156.50000000;4.59000000;31590298;31590295;1634829196155;false;true
trade;1634829196312;BTCEUR;67202574;54445.51000000;0.00141000;1289873017;1289872969;1634829196310;false;true
trade;1634829196401;BTCEUR;67202575;54445.55000000;0.00035000;1289873021;1289872978;1634829196400;false;true
trade;1634829196551;SOLEUR;2402018;156.52000000;8.61000000;31590312;31590314;1634829196551;true;true
trade;1634829196557;BTCEUR;67202576;54445.55000000;0.00001000;1289873037;1289872978;1634829196556;false;true
trade;1634829196833;BTCEUR;67202577;54452.93000000;0.00049000;1289873068;1289860612;1634829196832;false;true
trade;1634829196844;BTCEUR;67202578;54452.93000000;0.02106000;1289873070;1289860612;1634829196844;false;true
trade;1634829196850;BTCEUR;67202579;54452.93000000;0.00951000;1289873071;1289860612;1634829196849;false;true
trade;1634829197002;BTCEUR;67202580;54459.80000000;0.08000000;1289873088;1289873095;1634829197001;true;true
trade;1634829197297;BTCEUR;67202581;54459.81000000;0.00037000;1289873129;1289862820;1634829197297;false;true
trade;1634829197537;SOLEUR;2402019;156.56000000;7.86000000;31590330;31590332;1634829197537;true;true
trade;1634829197544;SOLEUR;2402020;156.66000000;0.27000000;31590333;31590323;1634829197543;false;true
trade;1634829197553;SOLEUR;2402021;156.66000000;4.60000000;31590335;31590323;1634829197547;false;true
trade;1634829197553;SOLEUR;2402022;156.66000000;13.67000000;31590335;31590329;1634829197547;false;true
trade;1634829197751;BTCEUR;67202582;54459.81000000;0.00001000;1289873156;1289862820;1634829197750;false;true
trade;1634829197751;BTCEUR;67202583;54471.59000000;0.01573000;1289873156;1289873154;1634829197750;false;true
trade;1634829197751;BTCEUR;67202584;54473.73000000;0.01571000;1289873156;1289873150;1634829197750;false;true
trade;1634829198297;SOLEUR;2402023;156.67000000;0.91000000;31590344;31590296;1634829198296;false;true
trade;1634829198407;SOLEUR;2402024;156.66000000;5.03000000;31590346;31590345;1634829198407;false;true
trade;1634829198506;SOLEUR;2402025;156.67000000;12.91000000;31590347;31590296;1634829198505;false;true
trade;1634829198536;SOLEUR;2402026;156.61000000;9.34000000;31590350;31590351;1634829198536;true;true
trade;1634829198545;SOLEUR;2402027;156.62000000;13.66000000;31590352;31590353;1634829198545;true;true
trade;1634829199138;BTCEUR;67202585;54477.21000000;0.00483000;1289873261;1289872807;1634829199138;false;true
trade;1634829199555;SOLEUR;2402028;156.58000000;4.20000000;31590371;31590372;1634829199555;true;true
trade;1634829200403;BTCEUR;67202586;54480.08000000;0.00036000;1289873338;1289873337;1634829200402;false;true
trade;1634829200694;BTCEUR;67202587;54477.20000000;0.00550000;1289873341;1289873350;1634829200693;true;true
trade;1634829200775;SOLEUR;2402029;156.76000000;0.17000000;31590379;31590377;1634829200774;false;true
trade;1634829201184;SOLEUR;2402030;156.76000000;13.50000000;31590384;31590377;1634829201183;false;true
trade;1634829201184;SOLEUR;2402031;156.77000000;2.52000000;31590384;31590376;1634829201183;false;true
trade;1634829201184;SOLEUR;2402032;156.78000000;27.49000000;31590384;31590381;1634829201183;false;true
trade;1634829201184;SOLEUR;2402033;156.79000000;0.17000000;31590384;31590378;1634829201183;false;true
trade;1634829201184;SOLEUR;2402034;156.82000000;0.13000000;31590384;31588368;1634829201183;false;true
trade;1634829201184;SOLEUR;2402035;156.83000000;28.35000000;31590384;31590343;1634829201183;false;true
trade;1634829201184;SOLEUR;2402036;156.86000000;0.34000000;31590384;31586784;1634829201183;false;true
trade;1634829201184;SOLEUR;2402037;156.88000000;0.12000000;31590384;31586892;1634829201183;false;true
trade;1634829201184;SOLEUR;2402038;156.89000000;0.12000000;31590384;31586785;1634829201183;false;true
trade;1634829201184;SOLEUR;2402039;156.94000000;0.24000000;31590384;31586859;1634829201183;false;true
trade;1634829201184;SOLEUR;2402040;156.99000000;0.12000000;31590384;31586695;1634829201183;false;true
trade;1634829201184;SOLEUR;2402041;156.99000000;8.27000000;31590384;31590089;1634829201183;false;true
trade;1634829201184;SOLEUR;2402042;157.00000000;2.21000000;31590384;31589979;1634829201183;false;true
trade;1634829201184;SOLEUR;2402043;157.00000000;1.72000000;31590384;31590369;1634829201183;false;true
trade;1634829201184;SOLEUR;2402044;157.06000000;0.12000000;31590384;31586864;1634829201183;false;true
trade;1634829201184;SOLEUR;2402045;157.06000000;0.14000000;31590384;31586896;1634829201183;false;true
trade;1634829201184;SOLEUR;2402046;157.10000000;0.91000000;31590384;31586657;1634829201183;false;true
trade;1634829201184;SOLEUR;2402047;157.11000000;0.13000000;31590384;31587020;1634829201183;false;true
trade;1634829201184;SOLEUR;2402048;157.13000000;0.13000000;31590384;31587012;1634829201183;false;true
trade;1634829201184;SOLEUR;2402049;157.14000000;1.09000000;31590384;31587343;1634829201183;false;true
trade;1634829201184;SOLEUR;2402050;157.15000000;17.61000000;31590384;31587826;1634829201183;false;true
trade;1634829201184;SOLEUR;2402051;157.18000000;0.12000000;31590385;31586940;1634829201183;false;true
trade;1634829201184;SOLEUR;2402052;157.18000000;51.87000000;31590385;31590138;1634829201183;false;true
trade;1634829201224;SOLEUR;2402053;157.16000000;0.34000000;31590401;31590399;1634829201223;false;true
trade;1634829201231;SOLEUR;2402054;157.16000000;13.33000000;31590404;31590399;1634829201229;false;true
trade;1634829201248;SOLEUR;2402055;157.18000000;5.53000000;31590408;31590406;1634829201245;false;true
trade;1634829201259;SOLEUR;2402056;157.18000000;5.32000000;31590411;31590406;1634829201259;false;true
trade;1634829201273;SOLEUR;2402057;157.19000000;0.34000000;31590415;31586364;1634829201273;false;true
trade;1634829201317;SOLEUR;2402058;157.26000000;0.13000000;31590417;31586556;1634829201316;false;true
trade;1634829201354;SOLEUR;2402059;157.28000000;0.78000000;31590419;31586743;1634829201353;false;true
trade;1634829201354;SOLEUR;2402060;157.29000000;0.17000000;31590419;31586555;1634829201353;false;true
trade;1634829201354;SOLEUR;2402061;157.29000000;12.43000000;31590419;31587111;1634829201353;false;true
trade;1634829201354;SOLEUR;2402062;157.29000000;12.60000000;31590420;31587111;1634829201353;false;true
trade;1634829201360;SOLEUR;2402063;157.29000000;17.58000000;31590421;31587111;1634829201358;false;true
trade;1634829201369;SOLEUR;2402064;157.34000000;0.12000000;31590422;31586384;1634829201368;false;true
trade;1634829201490;SOLEUR;2402065;157.38000000;0.12000000;31590429;31586372;1634829201489;false;true
trade;1634829201490;SOLEUR;2402066;157.38000000;0.67000000;31590429;31586642;1634829201489;false;true
trade;1634829201499;SOLEUR;2402067;157.40000000;0.12000000;31590431;31586322;1634829201499;false;true
trade;1634829201499;SOLEUR;2402068;157.44000000;0.01000000;31590431;31586876;1634829201499;false;true
trade;1634829201505;SOLEUR;2402069;157.44000000;0.12000000;31590437;31586876;1634829201505;false;true
trade;1634829201505;SOLEUR;2402070;157.45000000;0.12000000;31590437;31586355;1634829201505;false;true
trade;1634829201536;SOLEUR;2402071;157.22000000;9.68000000;31590438;31590442;1634829201535;true;true
trade;1634829201547;BTCEUR;67202588;54473.98000000;0.11400000;1289873415;1289873405;1634829201546;false;true
trade;1634829201902;SOLEUR;2402072;157.45000000;0.12000000;31590457;31586355;1634829201902;false;true
trade;1634829201989;SOLEUR;2402073;157.47000000;0.14000000;31590461;31586786;1634829201988;false;true
trade;1634829202543;SOLEUR;2402074;157.38000000;7.02000000;31590472;31590476;1634829202542;true;true
trade;1634829202558;SOLEUR;2402075;157.39000000;13.61000000;31590477;31590478;1634829202557;true;true
trade;1634829202591;SOLEUR;2402076;157.51000000;0.34000000;31590480;31586311;1634829202590;false;true
trade;1634829203882;BTCEUR;67202589;54480.08000000;0.00179000;1289873590;1289873582;1634829203881;false;true
trade;1634829204447;SOLEUR;2402077;157.56000000;0.13000000;31590513;31587040;1634829204446;false;true
trade;1634829204447;SOLEUR;2402078;157.56000000;13.61000000;31590513;31590505;1634829204446;false;true
trade;1634829207454;BTCEUR;67202590;54472.83000000;0.00076000;1289873781;1289873788;1634829207453;true;true
trade;1634829207469;BTCEUR;67202591;54472.82000000;0.01572000;1289873774;1289873790;1634829207468;true;true
trade;1634829207479;BTCEUR;67202592;54472.81000000;0.01572000;1289873792;1289873794;1634829207478;true;true
trade;1634829207479;BTCEUR;67202593;54472.80000000;0.06494000;1289873559;1289873794;1634829207478;true;true
trade;1634829207611;BTCEUR;67202594;54465.49000000;0.00800000;1289873765;1289873811;1634829207610;true;true
trade;1634829208216;BTCEUR;67202595;54469.57000000;0.00138000;1289873858;1289873854;1634829208216;false;true
trade;1634829208295;SOLEUR;2402079;157.25000000;1.60000000;31590566;31590576;1634829208294;true;true
trade;1634829208327;SOLEUR;2402080;157.25000000;3.29000000;31590566;31590578;1634829208327;true;true
trade;1634829208774;SOLEUR;2402081;157.20000000;4.87000000;31590564;31590585;1634829208773;true;true
trade;1634829208849;BTCEUR;67202596;54458.85000000;0.00500000;1289873860;1289873872;1634829208849;true;true
trade;1634829208781;SOLEUR;2402082;157.19000000;7.69000000;31590563;31590586;1634829208780;true;true
trade;1634829209489;BTCEUR;67202597;54468.10000000;0.06132000;1289873897;1289873901;1634829209489;true;true
trade;1634829209489;BTCEUR;67202598;54468.10000000;0.03868000;1289873897;1289873902;1634829209489;true;true
trade;1634829209489;BTCEUR;67202599;54468.10000000;0.02264000;1289873898;1289873902;1634829209489;true;true
trade;1634829209492;BTCEUR;67202600;54468.10000000;0.02736000;1289873898;1289873903;1634829209492;true;true
trade;1634829209492;BTCEUR;67202601;54468.10000000;0.03396000;1289873899;1289873903;1634829209492;true;true
trade;1634829209889;BTCEUR;67202602;54468.11000000;0.00898000;1289873914;1289873881;1634829209888;false;true
trade;1634829209926;BTCEUR;67202603;54468.80000000;0.00276000;1289873917;1289873866;1634829209925;false;true
trade;1634829209990;SOLEUR;2402083;157.37000000;4.87000000;31590599;31590587;1634829209989;false;true
trade;1634829210163;SOLEUR;2402084;157.44000000;0.32000000;31590603;31590579;1634829210162;false;true
trade;1634829212703;BTCEUR;67202604;54491.67000000;0.03039000;1289874094;1289874099;1634829212702;true;true
trade;1634829213622;SOLEUR;2402085;157.35000000;2.85000000;31590624;31590629;1634829213622;true;true
trade;1634829213970;BTCEUR;67202605;54479.60000000;0.03105000;1289874196;1289874147;1634829213970;false;true
trade;1634829213970;BTCEUR;67202606;54480.45000000;0.01572000;1289874196;1289874190;1634829213970;false;true
trade;1634829214107;BTCEUR;67202607;54491.71000000;0.00191000;1289874220;1289874226;1634829214106;true;true
trade;1634829214703;SOLEUR;2402086;157.30000000;2.00000000;31590637;31590642;1634829214703;true;true
trade;1634829214704;SOLEUR;2402087;157.30000000;4.00000000;31590637;31590643;1634829214703;true;true
trade;1634829214707;SOLEUR;2402088;157.30000000;3.66000000;31590637;31590644;1634829214707;true;true
trade;1634829215625;SOLEUR;2402089;157.18000000;2.85000000;31590640;31590654;1634829215625;true;true
trade;1634829216434;SOLEUR;2402090;157.37000000;4.47000000;31590663;31590649;1634829216434;false;true
trade;1634829216628;SOLEUR;2402091;157.22000000;2.85000000;31590666;31590668;1634829216627;true;true
trade;1634829217552;BTCEUR;67202608;54492.36000000;0.00025000;1289874369;1289874373;1634829217552;true;true
trade;1634829217575;BTCEUR;67202609;54492.36000000;0.00019000;1289874369;1289874374;1634829217574;true;true
trade;1634829218485;BTCEUR;67202610;54492.37000000;0.00038000;1289874418;1289847906;1634829218484;false;true
trade;1634829218627;BTCEUR;67202611;54499.69000000;0.31596000;1289874438;1289874440;1634829218626;true;true
trade;1634829218627;BTCEUR;67202612;54499.68000000;0.01572000;1289874436;1289874440;1634829218626;true;true
trade;1634829218627;BTCEUR;67202613;54499.65000000;0.04000000;1289874423;1289874440;1634829218626;true;true
trade;1634829218627;BTCEUR;67202614;54499.65000000;0.02000000;1289874424;1289874440;1634829218626;true;true
trade;1634829218627;BTCEUR;67202615;54499.65000000;0.15000000;1289874429;1289874440;1634829218626;true;true
trade;1634829218627;BTCEUR;67202616;54492.37000000;0.13138000;1289874421;1289874440;1634829218626;true;true
trade;1634829218627;BTCEUR;67202617;54487.34000000;0.00800000;1289874344;1289874440;1634829218626;true;true
trade;1634829218627;BTCEUR;67202618;54483.34000000;0.15000000;1289874437;1289874440;1634829218626;true;true
trade;1634829218627;BTCEUR;67202619;54480.03000000;0.08000000;1289874422;1289874440;1634829218626;true;true
trade;1634829218627;BTCEUR;67202620;54476.77000000;0.08894000;1289874430;1289874440;1634829218626;true;true
trade;1634829218987;BTCEUR;67202621;54500.00000000;0.00501000;1289874479;1289858649;1634829218986;false;true
trade;1634829218987;BTCEUR;67202622;54500.00000000;0.03647000;1289874479;1289863161;1634829218986;false;true
trade;1634829218987;BTCEUR;67202623;54500.00000000;0.16730000;1289874479;1289864414;1634829218986;false;true
trade;1634829218987;BTCEUR;67202624;54500.00000000;0.02019000;1289870734;1289864414;1634829218986;false;true
trade;1634829219037;BTCEUR;67202625;54500.00000000;0.18237000;1289874482;1289864414;1634829219036;false;true
trade;1634829219097;BTCEUR;67202626;54500.00000000;0.00644000;1289874484;1289864414;1634829219097;false;true
trade;1634829219944;BTCEUR;67202627;54488.67000000;0.02167000;1289874535;1289874536;1634829219943;true;true
trade;1634829220316;SOLEUR;2402092;157.28000000;7.00000000;31590684;31590690;1634829220316;true;true
trade;1634829220319;SOLEUR;2402093;157.28000000;0.64000000;31590684;31590691;1634829220318;true;true
trade;1634829220441;BTCEUR;67202628;54491.78000000;0.01999000;1289874589;1289874579;1634829220440;false;true
trade;1634829220543;BTCEUR;67202629;54491.77000000;0.02364000;1289874594;1289874593;1634829220542;false;true
trade;1634829221258;BTCEUR;67202630;54498.22000000;0.00077000;1289874631;1289874592;1634829221257;false;true
trade;1634829221258;BTCEUR;67202631;54500.00000000;0.00567000;1289874631;1289864414;1634829221257;false;true
trade;1634829221958;BTCEUR;67202632;54494.85000000;0.01000000;1289874676;1289874667;1634829221957;false;true
trade;1634829221990;BTCEUR;67202633;54498.57000000;0.09042000;1289874682;1289874653;1634829221989;false;true
trade;1634829222092;BTCEUR;67202634;54500.00000000;0.18361000;1289874704;1289864414;1634829222091;false;true
trade;1634829222244;BTCEUR;67202635;54500.00000000;0.18842000;1289874717;1289864414;1634829222244;false;true
trade;1634829222244;BTCEUR;67202636;54500.00000000;0.00956000;1289874717;1289873295;1634829222244;false;true
trade;1634829222339;BTCEUR;67202637;54500.00000000;0.07943000;1289874722;1289873295;1634829222339;false;true
trade;1634829222439;BTCEUR;67202638;54503.94000000;0.01102000;1289874734;1289850146;1634829222439;false;true
trade;1634829222481;BTCEUR;67202639;54503.94000000;0.02000000;1289874742;1289874738;1634829222481;false;true
trade;1634829222644;BTCEUR;67202640;54503.93000000;0.00644000;1289874728;1289874753;1634829222644;true;true
trade;1634829223108;BTCEUR;67202641;54500.00000000;0.00079000;1289874758;1289874780;1634829223107;true;true
trade;1634829223245;SOLEUR;2402094;157.30000000;1.11000000;31590721;31590715;1634829223245;false;true
trade;1634829224736;BTCEUR;67202642;54500.00000000;0.00027000;1289874848;1289874780;1634829224735;false;true
trade;1634829224736;BTCEUR;67202643;54500.00000000;0.00099000;1289874848;1289874846;1634829224735;false;true
trade;1634829228390;BTCEUR;67202644;54501.86000000;0.00148000;1289875079;1289875054;1634829228389;false;true
trade;1634829228479;BTCEUR;67202645;54501.91000000;0.00093000;1289875091;1289875092;1634829228479;true;true
trade;1634829229278;SOLEUR;2402095;157.17000000;2.35000000;31590753;31590756;1634829229278;true;true
trade;1634829229473;SOLEUR;2402096;157.16000000;4.81000000;31590752;31590759;1634829229472;true;true
trade;1634829229860;SOLEUR;2402097;157.10000000;6.92000000;31590757;31590766;1634829229860;true;true
trade;1634829230602;BTCEUR;67202646;54504.26000000;0.00420000;1289875173;1289875181;1634829230602;true;true
trade;1634829230783;BTCEUR;67202647;54504.27000000;0.01504000;1289875196;1289875191;1634829230783;false;true
trade;1634829230783;BTCEUR;67202648;54504.27000000;0.02500000;1289875196;1289875193;1634829230783;false;true
trade;1634829230797;BTCEUR;67202649;54508.77000000;0.00079000;1289875198;1289875161;1634829230797;false;true
trade;1634829230797;BTCEUR;67202650;54510.68000000;0.00841000;1289875198;1289873493;1634829230797;false;true
trade;1634829231260;BTCEUR;67202651;54502.00000000;0.00078000;1289875210;1289875240;1634829231259;true;true
trade;1634829231351;BTCEUR;67202652;54503.11000000;0.00035000;1289875246;1289875250;1634829231350;true;true
trade;1634829231538;BTCEUR;67202653;54502.03000000;0.00158000;1289875263;1289875259;1634829231538;false;true
trade;1634829231848;BTCEUR;67202654;54502.03000000;0.00644000;1289875273;1289875259;1634829231847;false;true
trade;1634829232725;BTCEUR;67202655;54506.74000000;0.01145000;1289875314;1289875315;1634829232724;true;true
trade;1634829232782;SOLEUR;2402098;157.09000000;2.95000000;31590727;31590778;1634829232782;true;true
trade;1634829232725;BTCEUR;67202656;54506.74000000;0.01145000;1289875314;1289875316;1634829232724;true;true
trade;1634829232727;BTCEUR;67202657;54506.74000000;0.01146000;1289875314;1289875317;1634829232727;true;true
trade;1634829233986;BTCEUR;67202658;54506.75000000;0.00097000;1289875383;1289875237;1634829233985;false;true
trade;1634829233986;BTCEUR;67202659;54506.75000000;0.00078000;1289875383;1289875372;1634829233985;false;true
trade;1634829234785;BTCEUR;67202660;54512.44000000;0.00036000;1289875428;1289850929;1634829234784;false;true
trade;1634829234785;BTCEUR;67202661;54512.57000000;0.00147000;1289875428;1289875427;1634829234784;false;true
trade;1634829235728;BTCEUR;67202662;54516.91000000;0.01571000;1289875541;1289875528;1634829235728;false;true
trade;1634829235728;BTCEUR;67202663;54517.25000000;0.08548000;1289875541;1289875523;1634829235728;false;true
trade;1634829235825;SOLEUR;2402099;157.09000000;2.55000000;31590727;31590786;1634829235824;true;true
trade;1634829236201;BTCEUR;67202664;54515.07000000;0.00183000;1289875594;1289875593;1634829236201;false;true
trade;1634829236419;BTCEUR;67202665;54508.54000000;0.00029000;1289875623;1289875625;1634829236419;true;true
trade;1634829236519;SOLEUR;2402100;157.09000000;25.98000000;31590727;31590790;1634829236518;true;true
trade;1634829236536;SOLEUR;2402101;157.09000000;2.55000000;31590727;31590793;1634829236535;true;true
trade;1634829237944;BTCEUR;67202666;54512.00000000;0.01571000;1289875686;1289875682;1634829237943;false;true
trade;1634829237944;BTCEUR;67202667;54512.14000000;0.15000000;1289875686;1289875681;1634829237943;false;true
trade;1634829237963;BTCEUR;67202668;54514.34000000;0.02435000;1289875692;1289875680;1634829237962;false;true
trade;1634829237964;BTCEUR;67202669;54514.34000000;0.01019000;1289875693;1289875680;1634829237963;false;true
trade;1634829237970;BTCEUR;67202670;54514.34000000;0.04267000;1289875696;1289875680;1634829237969;false;true
trade;1634829237972;BTCEUR;67202671;54514.86000000;0.00944000;1289875698;1289875663;1634829237971;false;true
trade;1634829237997;BTCEUR;67202672;54524.94000000;0.00038000;1289875714;1289847819;1634829237996;false;true
trade;1634829237997;BTCEUR;67202673;54525.23000000;0.00183000;1289875714;1289875449;1634829237996;false;true
trade;1634829237997;BTCEUR;67202674;54525.30000000;0.00002000;1289875714;1289875201;1634829237996;false;true
trade;1634829237997;BTCEUR;67202675;54525.30000000;0.05422000;1289875715;1289875201;1634829237996;false;true
trade;1634829237998;BTCEUR;67202676;54525.30000000;0.00641000;1289875718;1289875201;1634829237997;false;true
trade;1634829238012;BTCEUR;67202677;54531.07000000;0.00030000;1289875722;1289872823;1634829238011;false;true
trade;1634829238025;BTCEUR;67202678;54535.29000000;0.03923000;1289875726;1289875638;1634829238024;false;true
trade;1634829238025;BTCEUR;67202679;54535.29000000;0.03398000;1289875727;1289875638;1634829238024;false;true
trade;1634829238026;BTCEUR;67202680;54535.29000000;0.09243000;1289875728;1289875638;1634829238026;false;true
trade;1634829238071;BTCEUR;67202681;54540.50000000;0.00921000;1289875756;1289873217;1634829238070;false;true
trade;1634829238076;BTCEUR;67202682;54540.50000000;0.07281000;1289875758;1289873217;1634829238075;false;true
trade;1634829238084;BTCEUR;67202683;54540.50000000;0.04041000;1289875763;1289873217;1634829238084;false;true
trade;1634829238355;SOLEUR;2402102;157.07000000;6.54000000;31590820;31590811;1634829238354;false;true
trade;1634829239057;BTCEUR;67202684;54552.71000000;0.00707000;1289875907;1289875914;1634829239056;true;true
trade;1634829239928;BTCEUR;67202685;54557.53000000;0.00038000;1289875970;1289845772;1634829239927;false;true
trade;1634829240220;SOLEUR;2402103;157.00000000;1.00000000;31590826;31590832;1634829240218;true;true
trade;1634829241006;BTCEUR;67202686;54569.23000000;0.00100000;1289876076;1289846781;1634829241005;false;true
trade;1634829241048;RUNEEUR;212595;7.30000000;4.90000000;9002567;9001849;1634829241047;false;true
trade;1634829241210;SOLEUR;2402104;157.15000000;0.32000000;31590838;31590798;1634829241210;false;true
trade;1634829241411;BTCEUR;67202687;54580.80000000;0.00291000;1289876142;1289876145;1634829241410;true;true
trade;1634829241648;BTCEUR;67202688;54585.42000000;0.15000000;1289876171;1289876172;1634829241647;true;true
trade;1634829241672;BTCEUR;67202689;54585.48000000;0.15000000;1289876175;1289876176;1634829241671;true;true
trade;1634829241680;BTCEUR;67202690;54585.48000000;0.13182000;1289876175;1289876178;1634829241680;true;true
trade;1634829241680;BTCEUR;67202691;54585.43000000;0.00095000;1289876177;1289876178;1634829241680;true;true
trade;1634829241682;BTCEUR;67202692;54585.43000000;0.01723000;1289876177;1289876179;1634829241681;true;true
trade;1634829243006;SOLEUR;2402105;157.22000000;0.24000000;31590852;31590779;1634829243005;false;true
trade;1634829243056;BTCEUR;67202693;54589.71000000;0.00037000;1289876269;1289847183;1634829243052;false;true
trade;1634829243056;BTCEUR;67202694;54590.10000000;0.00233000;1289876269;1289847146;1634829243052;false;true
trade;1634829243150;BTCEUR;67202695;54590.09000000;0.03171000;1289876276;1289876277;1634829243149;true;true
trade;1634829243294;SOLEUR;2402106;157.06000000;12.48000000;31590847;31590856;1634829243294;true;true
trade;1634829243294;SOLEUR;2402107;157.05000000;5.68000000;31590846;31590856;1634829243294;true;true
trade;1634829243294;SOLEUR;2402108;156.99000000;6.81000000;31590824;31590856;1634829243294;true;true
trade;1634829243294;SOLEUR;2402109;156.95000000;4.75000000;31590844;31590856;1634829243294;true;true
trade;1634829243335;BTCEUR;67202696;54589.66000000;0.00183000;1289876284;1289876287;1634829243335;true;true
trade;1634829243375;BTCEUR;67202697;54577.23000000;0.00118000;1289876305;1289876307;1634829243374;true;true
trade;1634829244569;BTCEUR;67202698;54572.24000000;0.01407000;1289876429;1289876431;1634829244568;true;true
trade;1634829244569;BTCEUR;67202699;54569.49000000;0.01821000;1289876157;1289876431;1634829244568;true;true
trade;1634829245585;SOLEUR;2402110;157.52000000;6.11000000;31590881;31590861;1634829245584;false;true
trade;1634829245620;SOLEUR;2402111;157.57000000;0.91000000;31590883;31586332;1634829245620;false;true
trade;1634829246218;BTCEUR;67202700;54586.08000000;0.01094000;1289876502;1289876504;1634829246218;true;true
trade;1634829246219;BTCEUR;67202701;54586.08000000;0.00475000;1289876502;1289876505;1634829246219;true;true
trade;1634829246241;BTCEUR;67202702;54585.93000000;0.04000000;1289876508;1289876510;1634829246240;true;true
trade;1634829246395;SOLEUR;2402112;157.44000000;8.40000000;31590886;31590893;1634829246394;true;true
trade;1634829246949;BTCEUR;67202703;54566.83000000;0.00602000;1289876574;1289876579;1634829246949;true;true
trade;1634829246949;BTCEUR;67202704;54566.83000000;0.01897000;1289876578;1289876579;1634829246949;true;true
trade;1634829247571;BTCEUR;67202705;54563.66000000;0.00800000;1289876613;1289876637;1634829247570;true;true
trade;1634829248627;BTCEUR;67202706;54563.96000000;0.01896000;1289876724;1289876667;1634829248626;false;true
trade;1634829248668;BTCEUR;67202707;54563.97000000;0.06128000;1289876731;1289876685;1634829248667;false;true
trade;1634829248686;BTCEUR;67202708;54563.99000000;0.04000000;1289876737;1289876686;1634829248686;false;true
trade;1634829248692;BTCEUR;67202709;54563.99000000;0.02128000;1289876738;1289876686;1634829248691;false;true
trade;1634829248692;BTCEUR;67202710;54564.01000000;0.06129000;1289876739;1289876684;1634829248691;false;true
trade;1634829250596;BTCEUR;67202711;54575.56000000;0.00886000;1289876852;1289876867;1634829250596;true;true
trade;1634829251645;BTCEUR;67202712;54575.56000000;0.00091000;1289876868;1289876894;1634829251645;true;true
trade;1634829251645;BTCEUR;67202713;54575.56000000;0.00934000;1289876870;1289876894;1634829251645;true;true
trade;1634829251738;BTCEUR;67202714;54567.50000000;0.02000000;1289876897;1289876895;1634829251737;false;true
trade;1634829251782;BTCEUR;67202715;54575.56000000;0.00131000;1289876900;1289876896;1634829251781;false;true
trade;1634829253101;SOLEUR;2402113;157.48000000;13.60000000;31590936;31590925;1634829253100;false;true
trade;1634829253101;SOLEUR;2402114;157.49000000;3.05000000;31590936;31590924;1634829253100;false;true
trade;1634829253101;SOLEUR;2402115;157.55000000;26.36000000;31590936;31590897;1634829253100;false;true
trade;1634829253101;SOLEUR;2402116;157.57000000;0.31000000;31590936;31590902;1634829253100;false;true
trade;1634829253101;SOLEUR;2402117;157.60000000;0.07000000;31590936;31586308;1634829253100;false;true
trade;1634829253101;SOLEUR;2402118;157.62000000;16.99000000;31590936;31590892;1634829253100;false;true
trade;1634829253533;BTCEUR;67202716;54572.83000000;0.15000000;1289876966;1289876923;1634829253533;false;true
trade;1634829254087;BTCEUR;67202717;54572.84000000;0.00031000;1289877015;1289877013;1634829254087;false;true
trade;1634829254728;BTCEUR;67202718;54589.62000000;0.00230000;1289877084;1289877064;1634829254727;false;true
trade;1634829254728;BTCEUR;67202719;54590.10000000;0.00867000;1289877084;1289847146;1634829254727;false;true
trade;1634829254728;BTCEUR;67202720;54590.12000000;0.00038000;1289877084;1289844259;1634829254727;false;true
trade;1634829254931;BTCEUR;67202721;54600.02000000;0.01000000;1289877111;1289877118;1634829254931;true;true
trade;1634829254931;BTCEUR;67202722;54600.02000000;0.01000000;1289877111;1289877119;1634829254931;true;true
trade;1634829254932;BTCEUR;67202723;54600.02000000;0.11000000;1289877111;1289877120;1634829254932;true;true
trade;1634829254936;BTCEUR;67202724;54600.02000000;0.02000000;1289877111;1289877121;1634829254936;true;true
trade;1634829254948;BTCEUR;67202725;54600.00000000;0.07229000;1289877084;1289877122;1634829254947;true;true
trade;1634829255140;BTCEUR;67202726;54596.70000000;0.00027000;1289877143;1289877136;1634829255139;false;true
trade;1634829255902;BTCEUR;67202727;54595.34000000;0.00228000;1289877220;1289877163;1634829255902;false;true
trade;1634829255902;BTCEUR;67202728;54596.70000000;0.00368000;1289877220;1289877136;1634829255902;false;true
trade;1634829257455;BTCEUR;67202729;54596.73000000;0.00038000;1289877284;1289877282;1634829257454;false;true
trade;1634829257902;BTCEUR;67202730;54597.01000000;0.00296000;1289877331;1289877328;1634829257902;false;true
trade;1634829257902;BTCEUR;67202731;54597.02000000;0.00299000;1289877331;1289877326;1634829257902;false;true
trade;1634829258003;BTCEUR;67202732;54586.57000000;0.00595000;1289877329;1289877341;1634829258003;true;true
trade;1634829260296;BTCEUR;67202733;54591.54000000;0.00750000;1289877457;1289877452;1634829260296;false;true
trade;1634829260296;BTCEUR;67202734;54591.55000000;0.01408000;1289877457;1289877439;1634829260296;false;true
trade;1634829262348;BTCEUR;67202735;54591.54000000;0.00206000;1289877519;1289877524;1634829262347;true;true
trade;1634829262837;BTCEUR;67202736;54591.49000000;0.01073000;1289877542;1289877537;1634829262836;false;true
trade;1634829263087;BTCEUR;67202737;54591.49000000;0.00123000;1289877556;1289877543;1634829263086;false;true
trade;1634829263781;BTCEUR;67202738;54591.55000000;0.00592000;1289877590;1289877439;1634829263780;false;true
trade;1634829263781;BTCEUR;67202739;54591.55000000;0.09376000;1289877590;1289877576;1634829263780;false;true
trade;1634829263885;BTCEUR;67202740;54591.57000000;0.09376000;1289877597;1289877575;1634829263885;false;true
trade;1634829264446;SOLEUR;2402119;157.48000000;7.42000000;31591005;31591016;1634829264445;true;true
trade;1634829264913;BTCEUR;67202741;54591.59000000;0.01831000;1289877636;1289877574;1634829264913;false;true
trade;1634829265679;SOLEUR;2402120;157.44000000;8.08000000;31590963;31591025;1634829265678;true;true
trade;1634829266563;SOLEUR;2402121;157.52000000;0.31000000;31591033;31591031;1634829266563;false;true
trade;1634829268392;BTCEUR;67202742;54583.44000000;0.00105000;1289877759;1289877764;1634829268391;true;true
trade;1634829268392;BTCEUR;67202743;54583.44000000;0.01419000;1289877761;1289877764;1634829268391;true;true
trade;1634829268392;BTCEUR;67202744;54583.43000000;0.06020000;1289877757;1289877764;1634829268391;true;true
trade;1634829268798;BTCEUR;67202745;54582.66000000;0.00178000;1289877795;1289877783;1634829268798;false;true
trade;1634829271665;BTCEUR;67202746;54575.60000000;0.06120000;1289877873;1289877875;1634829271664;true;true
trade;1634829271665;BTCEUR;67202747;54575.60000000;0.06120000;1289877873;1289877877;1634829271664;true;true
trade;1634829272630;BTCEUR;67202748;54575.56000000;0.18132000;1289877427;1289877898;1634829272630;true;true
trade;1634829272633;BTCEUR;67202749;54575.56000000;0.04000000;1289877427;1289877899;1634829272632;true;true
trade;1634829272636;BTCEUR;67202750;54575.56000000;0.01000000;1289877427;1289877900;1634829272636;true;true
trade;1634829272656;BTCEUR;67202751;54575.56000000;0.00624000;1289877427;1289877901;1634829272655;true;true
trade;1634829272788;BTCEUR;67202752;54564.85000000;0.03443000;1289877933;1289877924;1634829272787;false;true
trade;1634829273197;BTCEUR;67202753;54575.60000000;0.00081000;1289877971;1289877974;1634829273197;true;true
trade;1634829273334;SOLEUR;2402122;157.33000000;5.24000000;31591089;31591077;1634829273333;false;true
trade;1634829273591;BTCEUR;67202754;54575.61000000;0.06120000;1289877988;1289877876;1634829273591;false;true
trade;1634829273591;BTCEUR;67202755;54575.61000000;0.00027000;1289877988;1289877939;1634829273591;false;true
trade;1634829273698;BTCEUR;67202756;54591.56000000;0.02000000;1289878018;1289877688;1634829273697;false;true
trade;1634829273698;BTCEUR;67202757;54591.57000000;0.04000000;1289878018;1289877665;1634829273697;false;true
trade;1634829273705;SOLEUR;2402123;157.40000000;2.23000000;31591094;31591086;1634829273704;false;true
trade;1634829273728;BTCEUR;67202758;54600.00000000;0.03157000;1289878018;1289878031;1634829273727;true;true
trade;1634829273757;BTCEUR;67202759;54584.19000000;0.03156000;1289878037;1289878039;1634829273756;true;true
trade;1634829274195;BTCEUR;67202760;54584.23000000;0.00267000;1289878083;1289878079;1634829274195;false;true
trade;1634829274691;SOLEUR;2402124;157.40000000;3.01000000;31591103;31591086;1634829274689;false;true
trade;1634829274716;SOLEUR;2402125;157.36000000;6.65000000;31591105;31591107;1634829274715;true;true
trade;1634829275952;BTCEUR;67202761;54598.30000000;0.00115000;1289878203;1289878204;1634829275951;true;true
trade;1634829275994;BTCEUR;67202762;54598.30000000;0.01453000;1289878203;1289878207;1634829275994;true;true
trade;1634829276053;BTCEUR;67202763;54598.30000000;0.00158000;1289878206;1289878211;1634829276052;true;true
trade;1634829276278;BTCEUR;67202764;54598.31000000;0.01831000;1289878230;1289878220;1634829276278;false;true
trade;1634829277535;BTCEUR;67202765;54595.08000000;0.00174000;1289878265;1289878266;1634829277534;true;true
trade;1634829279505;BTCEUR;67202766;54600.32000000;0.00183000;1289878333;1289878283;1634829279504;false;true
trade;1634829279472;SOLEUR;2402126;157.35000000;0.15000000;31591125;31591138;1634829279472;true;true
trade;1634829279764;BTCEUR;67202767;54600.31000000;0.00365000;1289878320;1289878352;1634829279763;true;true
trade;1634829280291;BTCEUR;67202768;54600.32000000;0.00182000;1289878373;1289878283;1634829280290;false;true
trade;1634829280488;BTCEUR;67202769;54600.34000000;0.00365000;1289878380;1289878282;1634829280487;false;true
trade;1634829280538;BTCEUR;67202770;54600.36000000;0.00040000;1289878388;1289878344;1634829280537;false;true
trade;1634829280831;BTCEUR;67202771;54606.69000000;0.00042000;1289878406;1289848510;1634829280831;false;true
trade;1634829281436;BTCEUR;67202772;54608.60000000;0.00593000;1289878441;1289878440;1634829281435;false;true
trade;1634829282508;SOLEUR;2402127;157.28000000;0.09000000;31591154;31591157;1634829282507;true;true
trade;1634829283436;BTCEUR;67202773;54602.26000000;0.00594000;1289878516;1289878503;1634829283435;false;true
trade;1634829283742;BTCEUR;67202774;54604.29000000;0.15000000;1289878531;1289878519;1634829283741;false;true
trade;1634829283742;BTCEUR;67202775;54604.98000000;0.04419000;1289878531;1289878518;1634829283741;false;true
trade;1634829283742;BTCEUR;67202776;54604.99000000;0.12618000;1289878531;1289878510;1634829283741;false;true
trade;1634829283742;BTCEUR;67202777;54611.37000000;0.03696000;1289878531;1289878475;1634829283741;false;true
trade;1634829283742;BTCEUR;67202778;54611.38000000;0.15000000;1289878531;1289878446;1634829283741;false;true
trade;1634829283742;BTCEUR;67202779;54613.99000000;0.08000000;1289878531;1289878254;1634829283741;false;true
trade;1634829283742;BTCEUR;67202780;54617.64000000;0.00074000;1289878531;1289845590;1634829283741;false;true
trade;1634829283742;BTCEUR;67202781;54617.76000000;0.00026000;1289878531;1289854552;1634829283741;false;true
trade;1634829283742;BTCEUR;67202782;54618.59000000;0.08997000;1289878531;1289878369;1634829283741;false;true
trade;1634829284435;BTCEUR;67202783;54616.70000000;0.00594000;1289878612;1289878608;1634829284435;false;true
trade;1634829284546;BTCEUR;67202784;54600.99000000;0.00028000;1289878613;1289878617;1634829284546;true;true
trade;1634829284836;SOLEUR;2402128;157.50000000;18.77000000;31591175;31591068;1634829284836;false;true
trade;1634829284892;SOLEUR;2402129;157.50000000;2.77000000;31591177;31591068;1634829284891;false;true
trade;1634829284938;SOLEUR;2402130;157.50000000;0.27000000;31591178;31591068;1634829284937;false;true
trade;1634829284992;SOLEUR;2402131;157.50000000;0.53000000;31591179;31591068;1634829284992;false;true
trade;1634829285237;SOLEUR;2402132;157.50000000;0.53000000;31591180;31591068;1634829285237;false;true
trade;1634829285287;SOLEUR;2402133;157.50000000;0.27000000;31591181;31591068;1634829285287;false;true
trade;1634829285331;SOLEUR;2402134;157.50000000;0.80000000;31591182;31591068;1634829285331;false;true
trade;1634829285384;SOLEUR;2402135;157.50000000;1.07000000;31591183;31591068;1634829285383;false;true
trade;1634829285682;SOLEUR;2402136;157.50000000;0.53000000;31591184;31591068;1634829285682;false;true
trade;1634829285901;BTCEUR;67202785;54601.03000000;0.00183000;1289878669;1289878680;1634829285901;true;true
trade;1634829289513;BTCEUR;67202786;54611.49000000;0.00020000;1289878826;1289878801;1634829289512;false;true
trade;1634829290300;BTCEUR;67202787;54611.48000000;0.00077000;1289878870;1289878889;1634829290299;true;true
trade;1634829290502;BTCEUR;67202788;54611.49000000;0.00063000;1289878895;1289878883;1634829290501;false;true
trade;1634829290502;BTCEUR;67202789;54611.50000000;0.00689000;1289878895;1289878781;1634829290501;false;true
trade;1634829290652;BTCEUR;67202790;54616.96000000;0.00036000;1289878913;1289878918;1634829290651;true;true
trade;1634829290757;BTCEUR;67202791;54622.73000000;0.00645000;1289878920;1289878928;1634829290756;true;true
trade;1634829291200;BTCEUR;67202792;54622.73000000;0.06000000;1289878924;1289878949;1634829291199;true;true
trade;1634829291206;BTCEUR;67202793;54622.73000000;0.03000000;1289878924;1289878950;1634829291205;true;true
trade;1634829291206;BTCEUR;67202794;54622.73000000;0.03000000;1289878924;1289878951;1634829291205;true;true
trade;1634829291207;BTCEUR;67202795;54622.73000000;0.10137000;1289878924;1289878952;1634829291206;true;true
trade;1634829291227;BTCEUR;67202796;54611.49000000;0.01000000;1289878959;1289878964;1634829291227;true;true
trade;1634829291228;BTCEUR;67202797;54611.49000000;0.01000000;1289878959;1289878965;1634829291228;true;true
trade;1634829291927;RUNEEUR;212596;7.30200000;58.60000000;9002586;9002623;1634829291926;true;true
trade;1634829291927;RUNEEUR;212597;7.30100000;32.70000000;9002601;9002623;1634829291926;true;true
trade;1634829291927;RUNEEUR;212598;7.29900000;25.90000000;9002587;9002623;1634829291926;true;true
trade;1634829291927;RUNEEUR;212599;7.29100000;31.50000000;9002561;9002623;1634829291926;true;true
trade;1634829291927;RUNEEUR;212600;7.28000000;506.30000000;9002617;9002623;1634829291926;true;true
trade;1634829291927;RUNEEUR;212601;7.27900000;35.90000000;9002514;9002623;1634829291926;true;true
trade;1634829291927;RUNEEUR;212602;7.27100000;121.00000000;9002620;9002623;1634829291926;true;true
trade;1634829291927;RUNEEUR;212603;7.26800000;79.70000000;9002555;9002623;1634829291926;true;true
trade;1634829291927;RUNEEUR;212604;7.25800000;32.20000000;9002477;9002623;1634829291926;true;true
trade;1634829291927;RUNEEUR;212605;7.24800000;39.50000000;9002453;9002623;1634829291926;true;true
trade;1634829291927;RUNEEUR;212606;7.23800000;761.40000000;9002616;9002623;1634829291926;true;true
trade;1634829293201;SOLEUR;2402137;157.49000000;0.15000000;31591238;31591227;1634829293201;false;true
trade;1634829294141;SOLEUR;2402138;157.50000000;0.27000000;31591250;31591068;1634829294140;false;true
trade;1634829294189;SOLEUR;2402139;157.50000000;0.27000000;31591251;31591068;1634829294189;false;true
trade;1634829294237;SOLEUR;2402140;157.50000000;2.50000000;31591252;31591068;1634829294236;false;true
trade;1634829295410;BTCEUR;67202798;54587.13000000;0.01548000;1289879219;1289879237;1634829295410;true;true
trade;1634829296593;SOLEUR;2402141;157.37000000;1.10000000;31591253;31591267;1634829296592;true;true
trade;1634829296596;SOLEUR;2402142;157.37000000;1.00000000;31591253;31591268;1634829296595;true;true
trade;1634829296596;SOLEUR;2402143;157.37000000;6.85000000;31591253;31591269;1634829296595;true;true
trade;1634829297797;BTCEUR;67202799;54575.09000000;0.00055000;1289879445;1289879458;1634829297797;true;true
trade;1634829298242;BTCEUR;67202800;54572.17000000;0.02618000;1289878762;1289879493;1634829298241;true;true
trade;1634829298337;SOLEUR;2402144;157.22000000;4.47000000;31591270;31591283;1634829298336;true;true
trade;1634829298560;BTCEUR;67202801;54571.18000000;0.00055000;1289878690;1289879501;1634829298559;true;true
trade;1634829298560;BTCEUR;67202802;54565.88000000;0.00099000;1289879470;1289879501;1634829298559;true;true
trade;1634829299439;BTCEUR;67202803;54565.88000000;0.00380000;1289879560;1289879557;1634829299439;false;true
trade;1634829299491;BTCEUR;67202804;54565.88000000;0.00380000;1289879561;1289879557;1634829299491;false;true
trade;1634829300840;BTCEUR;67202805;54546.73000000;0.00830000;1289879644;1289879677;1634829300840;true;true
trade;1634829300840;BTCEUR;67202806;54546.71000000;0.00183000;1289879674;1289879677;1634829300840;true;true
